<?xml version="1.0" encoding="UTF-8"?>
<!DOCTYPE html PUBLIC "-//W3C//DTD XHTML 1.0 Transitional//EN"
    "http://www.w3.org/TR/xhtml1/DTD/xhtml1-transitional.dtd">
<html xmlns="http://www.w3.org/1999/xhtml" xml:lang="en" lang="en">
 <head>
  <title>
</title>
<meta http-equiv="Content-Type" content="text/html;charset=utf-8" />
  <meta name='ocr-system' content='tesseract 3.04.00' />
  <meta name='ocr-capabilities' content='ocr_page ocr_carea ocr_par ocr_line ocrx_word'/>
</head>
<body>
  <div class='ocr_page' id='page_1' title='image "./corpusculumpoes00brangoog_0051.png"; bbox 0 0 2452 3832; ppageno 0'>
   <div class='ocr_carea' id='block_1_1' title="bbox 539 120 758 186">
    <p class='ocr_par' dir='ltr' id='par_1_1' title="bbox 539 120 758 186">
     <span class='ocr_line' id='line_1_1' title="bbox 539 120 758 186; baseline 0.005 -19"><span class='ocrx_word' id='word_1_1' title='bbox 539 120 758 186; x_wconf 69' lang='lat'>..44-</span> 
     </span>
    </p>
   </div>
   <div class='ocr_carea' id='block_1_2' title="bbox 143 276 1163 854">
    <p class='ocr_par' dir='ltr' id='par_1_2' title="bbox 143 276 1163 854">
     <span class='ocr_line' id='line_1_2' title="bbox 145 276 1163 366; baseline -0.006 -16"><span class='ocrx_word' id='word_1_2' title='bbox 145 307 247 351; x_wconf 89' lang='lat' dir='ltr'><strong>omnes</strong></span> <span class='ocrx_word' id='word_1_3' title='bbox 274 291 379 349; x_wconf 88' lang='lat' dir='ltr'><strong>autem</strong></span> <span class='ocrx_word' id='word_1_4' title='bbox 406 285 525 347; x_wconf 84' lang='lat' dir='ltr'><strong>duxisse</strong></span> <span class='ocrx_word' id='word_1_5' title='bbox 548 284 708 346; x_wconf 79' lang='lat' dir='ltr'><strong>Platonem</strong></span> <span class='ocrx_word' id='word_1_6' title='bbox 730 277 879 366; x_wconf 71' lang='grc' dir='ltr'><strong><em>ἀγορητὴν</em></strong></span> <span class='ocrx_word' id='word_1_7' title='bbox 900 276 1017 363; x_wconf 57' lang='lat' dir='ltr'><strong>dissuti</strong></span> <span class='ocrx_word' id='word_1_8' title='bbox 1039 278 1163 356; x_wconf 71' lang='grc' dir='ltr'><strong><em>τέττιξιν</em></strong></span> 
     </span>
     <span class='ocr_line' id='line_1_3' title="bbox 143 375 1163 467; baseline -0.006 -19"><span class='ocrx_word' id='word_1_9' title='bbox 143 379 303 467; x_wconf 79' lang='grc' dir='ltr'><strong><em>ἰσονράγον</em></strong></span> <span class='ocrx_word' id='word_1_10' title='bbox 326 377 377 466; x_wconf 83' lang='lat' dir='ltr'><strong>(fr.</strong></span> <span class='ocrx_word' id='word_1_11' title='bbox 400 375 484 465; x_wconf 87' lang='lat' dir='ltr'><strong>VII).</strong></span> <span class='ocrx_word' id='word_1_12' title='bbox 531 382 636 443; x_wconf 90' lang='lat' dir='ltr'><strong>deinde</strong></span> <span class='ocrx_word' id='word_1_13' title='bbox 660 383 810 444; x_wconf 80' lang='lat' dir='ltr'><strong>Zenonem</strong></span> <span class='ocrx_word' id='word_1_14' title='bbox 836 381 966 442; x_wconf 87' lang='lat' dir='ltr'><strong>stoicum</strong></span> <span class='ocrx_word' id='word_1_15' title='bbox 992 384 1099 441; x_wconf 79' lang='lat' dir='ltr'><strong>namet</strong></span> <span class='ocrx_word' id='word_1_16' title='bbox 1128 399 1163 442; x_wconf 86' lang='lat' dir='ltr'><strong>so</strong></span> 
     </span>
     <span class='ocr_line' id='line_1_4' title="bbox 143 479 1163 558; baseline -0.005 -13"><span class='ocrx_word' id='word_1_17' title='bbox 143 483 256 546; x_wconf 80' lang='lat' dir='ltr'><strong>vidisse</strong></span> <span class='ocrx_word' id='word_1_18' title='bbox 287 503 379 544; x_wconf 91' lang='lat' dir='ltr'><strong>anum</strong></span> <span class='ocrx_word' id='word_1_19' title='bbox 411 481 606 542; x_wconf 77' lang='lat' dir='ltr'><strong>Phoenissam</strong></span> <span class='ocrx_word' id='word_1_20' title='bbox 642 481 767 558; x_wconf 87' lang='lat' dir='ltr'><strong>eiusque</strong></span> <span class='ocrx_word' id='word_1_21' title='bbox 804 497 924 539; x_wconf 81' lang='lat' dir='ltr'><strong>nussam</strong></span> <span class='ocrx_word' id='word_1_22' title='bbox 955 497 1017 556; x_wconf 90' lang='lat' dir='ltr'><strong>qua</strong></span> <span class='ocrx_word' id='word_1_23' title='bbox 1048 479 1163 540; x_wconf 88' lang='lat' dir='ltr'><strong>callide</strong></span> 
     </span>
     <span class='ocr_line' id='line_1_5' title="bbox 144 567 1161 664; baseline -0.009 -20"><span class='ocrx_word' id='word_1_24' title='bbox 144 583 245 644; x_wconf 89' lang='lat' dir='ltr'><strong>omnia</strong></span> <span class='ocrx_word' id='word_1_25' title='bbox 270 585 393 660; x_wconf 87' lang='lat' dir='ltr'><strong>captare</strong></span> <span class='ocrx_word' id='word_1_26' title='bbox 412 578 573 664; x_wconf 83' lang='lat' dir='ltr'><strong>studuerit</strong></span> <span class='ocrx_word' id='word_1_27' title='bbox 595 578 710 638; x_wconf 82' lang='lat' dir='ltr'><strong>frustra</strong></span> <span class='ocrx_word' id='word_1_28' title='bbox 731 579 876 655; x_wconf 76' lang='lat' dir='ltr'><strong>vegetem</strong></span> <span class='ocrx_word' id='word_1_29' title='bbox 899 593 963 636; x_wconf 89' lang='lat' dir='ltr'><strong>esse</strong></span> <span class='ocrx_word' id='word_1_30' title='bbox 986 567 1037 656; x_wconf 81' lang='lat' dir='ltr'><strong>(fr.</strong></span> <span class='ocrx_word' id='word_1_31' title='bbox 1056 568 1161 658; x_wconf 88' lang='lat' dir='ltr'><strong>VHI).</strong></span> 
     </span>
     <span class='ocr_line' id='line_1_6' title="bbox 143 671 1163 758; baseline -0.005 -19"><span class='ocrx_word' id='word_1_32' title='bbox 143 679 282 758; x_wconf 89' lang='lat' dir='ltr'><strong>pergitur</strong></span> <span class='ocrx_word' id='word_1_33' title='bbox 295 678 326 738; x_wconf 92' lang='lat' dir='ltr'><strong>in</strong></span> <span class='ocrx_word' id='word_1_34' title='bbox 339 676 588 756; x_wconf 88' lang='lat' dir='ltr'><strong>philosophorum</strong></span> <span class='ocrx_word' id='word_1_35' title='bbox 601 675 731 754; x_wconf 87' lang='lat' dir='ltr'><strong>agmine,</strong></span> <span class='ocrx_word' id='word_1_36' title='bbox 743 674 798 734; x_wconf 90' lang='lat' dir='ltr'><strong>ubi</strong></span> <span class='ocrx_word' id='word_1_37' title='bbox 808 674 952 751; x_wconf 87' lang='lat' dir='ltr'><strong>apparuit</strong></span> <span class='ocrx_word' id='word_1_38' title='bbox 969 673 1063 734; x_wconf 88' lang='lat' dir='ltr'><strong>etiam</strong></span> <span class='ocrx_word' id='word_1_39' title='bbox 1075 671 1163 734; x_wconf 82' lang='lat' dir='ltr'><strong>Ana·</strong></span> 
     </span>
     <span class='ocr_line' id='line_1_7' title="bbox 143 764 1163 854; baseline -0.004 -17"><span class='ocrx_word' id='word_1_40' title='bbox 143 777 246 837; x_wconf 87' lang='lat' dir='ltr'><strong>xarohi</strong></span> <span class='ocrx_word' id='word_1_41' title='bbox 267 770 436 854; x_wconf 70' lang='grc' dir='ltr'><strong><em>θαρσαλέον</em></strong></span> <span class='ocrx_word' id='word_1_42' title='bbox 452 815 549 835; x_wconf 89' lang='grc'><strong>.....</strong></span> <span class='ocrx_word' id='word_1_43' title='bbox 568 764 677 833; x_wconf 78' lang='grc' dir='ltr'><strong><em>κύνεον</em></strong></span> <span class='ocrx_word' id='word_1_44' title='bbox 697 769 785 850; x_wconf 68' lang='grc' dir='ltr'><strong><em>μένος</em></strong></span> <span class='ocrx_word' id='word_1_45' title='bbox 803 764 854 853; x_wconf 84' lang='lat' dir='ltr'><strong>(fr.</strong></span> <span class='ocrx_word' id='word_1_46' title='bbox 868 764 975 853; x_wconf 87' lang='lat' dir='ltr'><strong>VIIII)</strong></span> <span class='ocrx_word' id='word_1_47' title='bbox 994 775 1026 833; x_wconf 88' lang='lat' dir='ltr'><strong>et</strong></span> <span class='ocrx_word' id='word_1_48' title='bbox 1042 771 1163 833; x_wconf 87' lang='lat' dir='ltr'><strong>modios</strong></span> 
     </span>
    </p>
   </div>
   <div class='ocr_carea' id='block_1_3' title="bbox 74 860 1190 3266">
    <p class='ocr_par' dir='ltr' id='par_1_3' title="bbox 74 860 1190 2121">
     <span class='ocr_line' id='line_1_8' title="bbox 143 860 1163 952; baseline -0.002 -19"><span class='ocrx_word' id='word_1_49' title='bbox 143 875 175 933; x_wconf 89' lang='lat' dir='ltr'><strong>in</strong></span> <span class='ocrx_word' id='word_1_50' title='bbox 201 874 359 952; x_wconf 71' lang='lat' dir='ltr'><strong>litigantes</strong></span> <span class='ocrx_word' id='word_1_51' title='bbox 382 872 436 950; x_wconf 92' lang='lat' dir='ltr'><strong>qui</strong></span> <span class='ocrx_word' id='word_1_52' title='bbox 458 889 490 932; x_wconf 91' lang='lat' dir='ltr'><strong>se</strong></span> <span class='ocrx_word' id='word_1_53' title='bbox 512 870 711 932; x_wconf 85' lang='lat' dir='ltr'><strong>immiscuerit</strong></span> <span class='ocrx_word' id='word_1_54' title='bbox 733 869 917 949; x_wconf 88' lang='lat' dir='ltr'><strong>Protagoras</strong></span> <span class='ocrx_word' id='word_1_55' title='bbox 939 865 1101 947; x_wconf 67' lang='lat' dir='ltr'><strong>igsttpevue</strong></span> <span class='ocrx_word' id='word_1_56' title='bbox 1128 860 1163 932; x_wconf 80' lang='grc' dir='ltr'><strong>εὖ</strong></span> 
     </span>
     <span class='ocr_line' id='line_1_9' title="bbox 143 961 1163 1052; baseline -0.005 -19"><span class='ocrx_word' id='word_1_57' title='bbox 143 964 230 1044; x_wconf 64' lang='grc' dir='ltr'><strong><em>εἰδοῖς</em></strong></span> <span class='ocrx_word' id='word_1_58' title='bbox 257 962 312 1052; x_wconf 80' lang='lat' dir='ltr'><strong>(fr.</strong></span> <span class='ocrx_word' id='word_1_59' title='bbox 335 961 390 1052; x_wconf 90' lang='lat' dir='ltr'><strong>X).</strong></span> <span class='ocrx_word' id='word_1_60' title='bbox 436 968 508 1028; x_wconf 93' lang='lat' dir='ltr'><strong>huic</strong></span> <span class='ocrx_word' id='word_1_61' title='bbox 539 967 669 1045; x_wconf 89' lang='lat' dir='ltr'><strong>denique</strong></span> <span class='ocrx_word' id='word_1_62' title='bbox 697 967 916 1028; x_wconf 72' lang='lat' dir='ltr'><strong>enumerationi</strong></span> <span class='ocrx_word' id='word_1_63' title='bbox 943 967 1025 1028; x_wconf 91' lang='lat' dir='ltr'><strong>haud</strong></span> <span class='ocrx_word' id='word_1_64' title='bbox 1056 967 1163 1044; x_wconf 89' lang='lat' dir='ltr'><strong>inepte</strong></span> 
     </span>
     <span class='ocr_line' id='line_1_10' title="bbox 142 1063 1163 1144; baseline -0.002 -15"><span class='ocrx_word' id='word_1_65' title='bbox 142 1069 261 1129; x_wconf 75' lang='lat' dir='ltr'><strong>tribues</strong></span> <span class='ocrx_word' id='word_1_66' title='bbox 284 1068 321 1127; x_wconf 85' lang='lat' dir='ltr'><strong>fr.</strong></span> <span class='ocrx_word' id='word_1_67' title='bbox 334 1066 387 1144; x_wconf 83' lang='lat' dir='ltr'><strong>XI,</strong></span> <span class='ocrx_word' id='word_1_68' title='bbox 400 1065 469 1144; x_wconf 69' lang='lat' dir='ltr'><strong>XII,</strong></span> <span class='ocrx_word' id='word_1_69' title='bbox 482 1065 567 1143; x_wconf 85' lang='lat' dir='ltr'><strong>XIII,</strong></span> <span class='ocrx_word' id='word_1_70' title='bbox 590 1064 700 1142; x_wconf 89' lang='lat' dir='ltr'><strong>quibus</strong></span> <span class='ocrx_word' id='word_1_71' title='bbox 724 1067 996 1125; x_wconf 88' lang='lat' dir='ltr'><strong>commemorantur</strong></span> <span class='ocrx_word' id='word_1_72' title='bbox 1011 1063 1163 1127; x_wconf 87' lang='lat' dir='ltr'><strong>Prodicus</strong></span> 
     </span>
     <span class='ocr_line' id='line_1_11' title="bbox 144 1152 1164 1245; baseline -0.003 -20"><span class='ocrx_word' id='word_1_73' title='bbox 144 1156 333 1245; x_wconf 76' lang='grc' dir='ltr'><strong><em>λαβάργνρος</em></strong></span> <span class='ocrx_word' id='word_1_74' title='bbox 360 1155 545 1242; x_wconf 53' lang='lat' dir='ltr'><strong>&amp;patoretur</strong></span> <span class='ocrx_word' id='word_1_75' title='bbox 577 1152 628 1242; x_wconf 80' lang='lat' dir='ltr'><strong>(fr.</strong></span> <span class='ocrx_word' id='word_1_76' title='bbox 651 1153 723 1244; x_wconf 82' lang='lat' dir='ltr'><strong>XI),</strong></span> <span class='ocrx_word' id='word_1_77' title='bbox 754 1160 952 1222; x_wconf 82' lang='lat' dir='ltr'><strong>Antisthenes</strong></span> <span class='ocrx_word' id='word_1_78' title='bbox 983 1157 1164 1240; x_wconf 74' lang='grc' dir='ltr'><strong><em>παντοφυὴρ</em></strong></span> 
     </span>
     <span class='ocr_line' id='line_1_12' title="bbox 143 1250 1163 1342; baseline -0.002 -20"><span class='ocrx_word' id='word_1_79' title='bbox 143 1257 264 1339; x_wconf 73' lang='grc' dir='ltr'><strong>Ιφλέδων</strong></span> <span class='ocrx_word' id='word_1_80' title='bbox 292 1252 343 1342; x_wconf 80' lang='lat' dir='ltr'><strong>(fr.</strong></span> <span class='ocrx_word' id='word_1_81' title='bbox 366 1251 454 1342; x_wconf 84' lang='lat' dir='ltr'><strong>XH),</strong></span> <span class='ocrx_word' id='word_1_82' title='bbox 485 1258 672 1336; x_wconf 85' lang='lat' dir='ltr'><strong>Speusippus</strong></span> <span class='ocrx_word' id='word_1_83' title='bbox 699 1251 815 1338; x_wconf 68' lang='grc' dir='ltr'><strong>ἀγαθὸς</strong></span> <span class='ocrx_word' id='word_1_84' title='bbox 838 1261 958 1336; x_wconf 76' lang='grc' dir='ltr'><strong><em>σκῶψαι</em></strong></span> <span class='ocrx_word' id='word_1_85' title='bbox 985 1250 1035 1340; x_wconf 80' lang='lat' dir='ltr'><strong>(fr.</strong></span> <span class='ocrx_word' id='word_1_86' title='bbox 1059 1252 1163 1342; x_wconf 90' lang='lat' dir='ltr'><strong>XIII).</strong></span> 
     </span>
     <span class='ocr_line' id='line_1_13' title="bbox 212 1355 1163 1435; baseline 0.002 -17"><span class='ocrx_word' id='word_1_87' title='bbox 212 1357 286 1419; x_wconf 89' lang='lat' dir='ltr'><strong>Post</strong></span> <span class='ocrx_word' id='word_1_88' title='bbox 317 1357 438 1418; x_wconf 89' lang='lat' dir='ltr'><strong>finitum</strong></span> <span class='ocrx_word' id='word_1_89' title='bbox 464 1355 546 1416; x_wconf 89' lang='lat' dir='ltr'><strong>hunc</strong></span> <span class='ocrx_word' id='word_1_90' title='bbox 572 1357 747 1435; x_wconf 81' lang='lat' dir='ltr'><strong>catalogum</strong></span> <span class='ocrx_word' id='word_1_91' title='bbox 777 1357 890 1435; x_wconf 87' lang='lat' dir='ltr'><strong>repetit</strong></span> <span class='ocrx_word' id='word_1_92' title='bbox 917 1357 1025 1418; x_wconf 80' lang='lat' dir='ltr'><strong>Timon</strong></span> <span class='ocrx_word' id='word_1_93' title='bbox 1057 1376 1163 1420; x_wconf 88' lang='lat' dir='ltr'><strong>omnes</strong></span> 
     </span>
     <span class='ocr_line' id='line_1_14' title="bbox 145 1453 1164 1538; baseline 0.001 -22"><span class='ocrx_word' id='word_1_94' title='bbox 145 1457 200 1516; x_wconf 91' lang='lat' dir='ltr'><strong>hos</strong></span> <span class='ocrx_word' id='word_1_95' title='bbox 223 1456 302 1515; x_wconf 89' lang='lat' dir='ltr'><strong>inter</strong></span> <span class='ocrx_word' id='word_1_96' title='bbox 325 1473 389 1516; x_wconf 89' lang='lat' dir='ltr'><strong>sese</strong></span> <span class='ocrx_word' id='word_1_97' title='bbox 412 1457 600 1514; x_wconf 77' lang='lat' dir='ltr'><strong>concertasse</strong></span> <span class='ocrx_word' id='word_1_98' title='bbox 617 1454 747 1514; x_wconf 87' lang='lat' dir='ltr'><strong>terribili</strong></span> <span class='ocrx_word' id='word_1_99' title='bbox 765 1453 939 1538; x_wconf 71' lang='grc' dir='ltr'><strong><em>λογομαχίᾳ,</em></strong></span> <span class='ocrx_word' id='word_1_100' title='bbox 962 1455 994 1514; x_wconf 89' lang='lat' dir='ltr'><strong>in</strong></span> <span class='ocrx_word' id='word_1_101' title='bbox 1013 1472 1075 1532; x_wconf 89' lang='lat' dir='ltr'><strong>qua</strong></span> <span class='ocrx_word' id='word_1_102' title='bbox 1092 1455 1164 1534; x_wconf 84' lang='grc' dir='ltr'><strong><em>βρο·</em></strong></span> 
     </span>
     <span class='ocr_line' id='line_1_15' title="bbox 144 1545 1190 1632; baseline 0.001 -20"><span class='ocrx_word' id='word_1_103' title='bbox 144 1545 275 1632; x_wconf 78' lang='grc' dir='ltr'><strong><em>τολοογὸς</em></strong></span> <span class='ocrx_word' id='word_1_104' title='bbox 289 1545 374 1629; x_wconf 80' lang='grc' dir='ltr'><strong><em>Ἔρις</em></strong></span> <span class='ocrx_word' id='word_1_105' title='bbox 397 1569 514 1627; x_wconf 89' lang='lat' dir='ltr'><strong>semper</strong></span> <span class='ocrx_word' id='word_1_106' title='bbox 536 1569 587 1611; x_wconf 90' lang='lat' dir='ltr'><strong>eos</strong></span> <span class='ocrx_word' id='word_1_107' title='bbox 606 1551 717 1613; x_wconf 85' lang='lat' dir='ltr'><strong>acriter</strong></span> <span class='ocrx_word' id='word_1_108' title='bbox 739 1552 778 1612; x_wconf 86' lang='lat' dir='ltr'><strong>ad</strong></span> <span class='ocrx_word' id='word_1_109' title='bbox 799 1551 998 1631; x_wconf 85' lang='lat' dir='ltr'><strong>pugnandum</strong></span> <span class='ocrx_word' id='word_1_110' title='bbox 1019 1553 1164 1614; x_wconf 89' lang='lat' dir='ltr'><strong>instimu-</strong></span> <span class='ocrx_word' id='word_1_111' title='bbox 1187 1595 1190 1600; x_wconf 68' lang='lat'><em>,</em></span> 
     </span>
     <span class='ocr_line' id='line_1_16' title="bbox 145 1641 1165 1731; baseline 0.001 -21"><span class='ocrx_word' id='word_1_112' title='bbox 145 1651 224 1710; x_wconf 87' lang='lat' dir='ltr'><strong>leret</strong></span> <span class='ocrx_word' id='word_1_113' title='bbox 251 1642 303 1731; x_wconf 83' lang='lat' dir='ltr'><strong>(fr.</strong></span> <span class='ocrx_word' id='word_1_114' title='bbox 326 1641 446 1730; x_wconf 85' lang='lat' dir='ltr'><strong>XIIH);</strong></span> <span class='ocrx_word' id='word_1_115' title='bbox 466 1649 647 1728; x_wconf 51' lang='lat' dir='ltr'><strong>¹statimque</strong></span> <span class='ocrx_word' id='word_1_116' title='bbox 675 1643 776 1731; x_wconf 70' lang='lat' dir='ltr'><strong>tityus</strong></span> <span class='ocrx_word' id='word_1_117' title='bbox 802 1642 919 1728; x_wconf 78' lang='grc' dir='ltr'><strong><em>ὑποβάς</em></strong></span> <span class='ocrx_word' id='word_1_118' title='bbox 951 1641 1002 1731; x_wconf 89' lang='lat' dir='ltr'><strong>(ut</strong></span> <span class='ocrx_word' id='word_1_119' title='bbox 1028 1653 1165 1711; x_wconf 85' lang='lat' dir='ltr'><strong>testatur</strong></span> 
     </span>
     <span class='ocr_line' id='line_1_17' title="bbox 74 1735 1164 1836; baseline -0.002 -27"><span class='ocrx_word' id='word_1_120' title='bbox 74 1735 79 1740; x_wconf 80' lang='grc'><em>“</em></span> <span class='ocrx_word' id='word_1_121' title='bbox 145 1749 257 1809; x_wconf 70' lang='lat' dir='ltr'><strong>essese</strong></span> <span class='ocrx_word' id='word_1_122' title='bbox 280 1747 371 1809; x_wconf 72' lang='lat' dir='ltr'><strong>crem.</strong></span> <span class='ocrx_word' id='word_1_123' title='bbox 390 1746 475 1807; x_wconf 76' lang='lat' dir='ltr'><strong>Alex.</strong></span> <span class='ocrx_word' id='word_1_124' title='bbox 495 1749 597 1809; x_wconf 78' lang='lat' dir='ltr'><strong>strom.</strong></span> <span class='ocrx_word' id='word_1_125' title='bbox 611 1746 641 1805; x_wconf 89' lang='lat' dir='ltr'>v</span> <span class='ocrx_word' id='word_1_126' title='bbox 653 1767 683 1836; x_wconf 80' lang='lat' dir='ltr'><strong>p.</strong></span> <span class='ocrx_word' id='word_1_127' title='bbox 699 1748 762 1808; x_wconf 81' lang='lat' dir='ltr'><strong>aas</strong></span> <span class='ocrx_word' id='word_1_128' title='bbox 779 1739 878 1829; x_wconf 76' lang='lat' dir='ltr'><strong>syre.)</strong></span> <span class='ocrx_word' id='word_1_129' title='bbox 901 1746 1060 1825; x_wconf 82' lang='lat' dir='ltr'><strong>subiungit</strong></span> <span class='ocrx_word' id='word_1_130' title='bbox 1083 1766 1164 1824; x_wconf 68' lang='lat' dir='ltr'><strong>ques</strong></span> 
     </span>
     <span class='ocr_line' id='line_1_18' title="bbox 105 1843 1164 1907; baseline -0.001 -1"><span class='ocrx_word' id='word_1_131' title='bbox 105 1889 106 1892; x_wconf 63' lang='lat'>,</span> <span class='ocrx_word' id='word_1_132' title='bbox 144 1847 238 1907; x_wconf 83' lang='lat' dir='ltr'><strong>fuerit</strong></span> <span class='ocrx_word' id='word_1_133' title='bbox 259 1846 394 1905; x_wconf 80' lang='lat' dir='ltr'><strong>rixarum</strong></span> <span class='ocrx_word' id='word_1_134' title='bbox 417 1861 516 1905; x_wconf 88' lang='lat' dir='ltr'><strong>causa.</strong></span> <span class='ocrx_word' id='word_1_135' title='bbox 562 1844 617 1904; x_wconf 89' lang='lat' dir='ltr'><strong>hes</strong></span> <span class='ocrx_word' id='word_1_136' title='bbox 640 1863 711 1906; x_wconf 87' lang='lat' dir='ltr'><strong>vero</strong></span> <span class='ocrx_word' id='word_1_137' title='bbox 738 1844 866 1905; x_wconf 86' lang='lat' dir='ltr'><strong>ridiculo</strong></span> <span class='ocrx_word' id='word_1_138' title='bbox 893 1843 1031 1905; x_wconf 88' lang='lat' dir='ltr'><strong>imitatus</strong></span> <span class='ocrx_word' id='word_1_139' title='bbox 1054 1845 1164 1906; x_wconf 85' lang='lat' dir='ltr'><strong>Iliadis</strong></span> 
     </span>
     <span class='ocr_line' id='line_1_19' title="bbox 144 1934 1164 2022; baseline -0.001 -18"><span class='ocrx_word' id='word_1_140' title='bbox 144 1944 268 2005; x_wconf 88' lang='lat' dir='ltr'><strong>initium</strong></span> <span class='ocrx_word' id='word_1_141' title='bbox 289 1941 380 2020; x_wconf 89' lang='lat' dir='ltr'><strong>fingit</strong></span> <span class='ocrx_word' id='word_1_142' title='bbox 404 1945 523 2002; x_wconf 84' lang='lat' dir='ltr'><strong>exortes</strong></span> <span class='ocrx_word' id='word_1_143' title='bbox 545 1961 600 2019; x_wconf 90' lang='lat' dir='ltr'><strong>per</strong></span> <span class='ocrx_word' id='word_1_144' title='bbox 618 1935 728 2022; x_wconf 82' lang='grc' dir='ltr'><em>Ἠχοῦς</em></span> <span class='ocrx_word' id='word_1_145' title='bbox 745 1935 914 2019; x_wconf 74' lang='grc' dir='ltr'><strong><em>σύνδρομον</em></strong></span> <span class='ocrx_word' id='word_1_146' title='bbox 932 1934 1034 2020; x_wconf 78' lang='grc' dir='ltr'><strong><em>ὄχλον,</em></strong></span> <span class='ocrx_word' id='word_1_147' title='bbox 1058 1960 1076 2000; x_wconf 89' lang='lat' dir='ltr'><strong>a</strong></span> <span class='ocrx_word' id='word_1_148' title='bbox 1100 1962 1164 2020; x_wconf 90' lang='lat' dir='ltr'><strong>quo</strong></span> 
     </span>
     <span class='ocr_line' id='line_1_20' title="bbox 145 2030 890 2121; baseline -0.001 -22"><span class='ocrx_word' id='word_1_149' title='bbox 145 2040 309 2119; x_wconf 70' lang='lat' dir='ltr'><strong>garrulitas</strong></span> <span class='ocrx_word' id='word_1_150' title='bbox 331 2037 520 2115; x_wconf 90' lang='lat' dir='ltr'><strong>philosophis</strong></span> <span class='ocrx_word' id='word_1_151' title='bbox 542 2038 654 2099; x_wconf 88' lang='lat' dir='ltr'><strong>iniecta</strong></span> <span class='ocrx_word' id='word_1_152' title='bbox 677 2039 718 2099; x_wconf 93' lang='lat' dir='ltr'><strong>sit</strong></span> <span class='ocrx_word' id='word_1_153' title='bbox 740 2030 791 2120; x_wconf 85' lang='lat' dir='ltr'><strong>(fr.</strong></span> <span class='ocrx_word' id='word_1_154' title='bbox 810 2030 890 2121; x_wconf 85' lang='lat' dir='ltr'><strong>XV).</strong></span> 
     </span>
    </p>

    <p class='ocr_par' dir='ltr' id='par_1_4' title="bbox 144 2135 1167 3266">
     <span class='ocr_line' id='line_1_21' title="bbox 212 2135 1164 2215; baseline -0.002 -17"><span class='ocrx_word' id='word_1_155' title='bbox 212 2135 402 2198; x_wconf 80' lang='lat' dir='ltr'><strong>Certamen</strong></span> <span class='ocrx_word' id='word_1_156' title='bbox 411 2138 516 2196; x_wconf 87' lang='lat' dir='ltr'><strong>autom</strong></span> <span class='ocrx_word' id='word_1_157' title='bbox 528 2135 776 2215; x_wconf 89' lang='lat' dir='ltr'><strong>philosophorum</strong></span> <span class='ocrx_word' id='word_1_158' title='bbox 789 2155 822 2196; x_wconf 91' lang='lat' dir='ltr'><strong>re</strong></span> <span class='ocrx_word' id='word_1_159' title='bbox 836 2155 909 2197; x_wconf 85' lang='lat' dir='ltr'><strong>vera</strong></span> <span class='ocrx_word' id='word_1_160' title='bbox 922 2151 987 2196; x_wconf 89' lang='lat' dir='ltr'><strong>esse</strong></span> <span class='ocrx_word' id='word_1_161' title='bbox 1001 2135 1164 2196; x_wconf 87' lang='lat' dir='ltr'><strong>adumbre-</strong></span> 
     </span>
     <span class='ocr_line' id='line_1_22' title="bbox 145 2231 1165 2312; baseline 0.001 -18"><span class='ocrx_word' id='word_1_162' title='bbox 145 2237 213 2294; x_wconf 90' lang='lat' dir='ltr'><strong>tum</strong></span> <span class='ocrx_word' id='word_1_163' title='bbox 244 2252 304 2293; x_wconf 93' lang='lat' dir='ltr'><strong>non</strong></span> <span class='ocrx_word' id='word_1_164' title='bbox 335 2233 425 2293; x_wconf 92' lang='lat' dir='ltr'><strong>modo</strong></span> <span class='ocrx_word' id='word_1_165' title='bbox 456 2231 568 2293; x_wconf 89' lang='lat' dir='ltr'><strong>idcirco</strong></span> <span class='ocrx_word' id='word_1_166' title='bbox 597 2233 736 2302; x_wconf 83' lang='lat' dir='ltr'><strong>redditur</strong></span> <span class='ocrx_word' id='word_1_167' title='bbox 766 2233 942 2312; x_wconf 84' lang='lat' dir='ltr'><strong>verisimile,</strong></span> <span class='ocrx_word' id='word_1_168' title='bbox 975 2234 1056 2312; x_wconf 88' lang='lat' dir='ltr'><strong>quod</strong></span> <span class='ocrx_word' id='word_1_169' title='bbox 1087 2234 1165 2296; x_wconf 86' lang='lat' dir='ltr'><strong>haec</strong></span> 
     </span>
     <span class='ocr_line' id='line_1_23' title="bbox 144 2329 1165 2409; baseline 0.002 -18"><span class='ocrx_word' id='word_1_170' title='bbox 144 2331 224 2393; x_wconf 91' lang='lat' dir='ltr'><strong>ratio</strong></span> <span class='ocrx_word' id='word_1_171' title='bbox 243 2331 406 2392; x_wconf 88' lang='lat' dir='ltr'><strong>admodum</strong></span> <span class='ocrx_word' id='word_1_172' title='bbox 425 2330 487 2391; x_wconf 83' lang='lat' dir='ltr'><strong>fuit</strong></span> <span class='ocrx_word' id='word_1_173' title='bbox 504 2333 628 2408; x_wconf 85' lang='lat' dir='ltr'><strong>accepta</strong></span> <span class='ocrx_word' id='word_1_174' title='bbox 643 2329 827 2391; x_wconf 80' lang='lat' dir='ltr'><strong>Graecorum</strong></span> <span class='ocrx_word' id='word_1_175' title='bbox 848 2332 962 2409; x_wconf 86' lang='lat' dir='ltr'><strong>populo</strong></span> <span class='ocrx_word' id='word_1_176' title='bbox 982 2331 1035 2408; x_wconf 89' lang='lat' dir='ltr'><strong>qui</strong></span> <span class='ocrx_word' id='word_1_177' title='bbox 1053 2331 1126 2392; x_wconf 89' lang='lat' dir='ltr'><strong>inde</strong></span> <span class='ocrx_word' id='word_1_178' title='bbox 1146 2352 1165 2392; x_wconf 90' lang='lat' dir='ltr'><strong>e</strong></span> 
     </span>
     <span class='ocr_line' id='line_1_24' title="bbox 144 2427 1165 2507; baseline -0.002 -15"><span class='ocrx_word' id='word_1_179' title='bbox 144 2429 248 2507; x_wconf 87' lang='lat' dir='ltr'><strong>pueris</strong></span> <span class='ocrx_word' id='word_1_180' title='bbox 262 2447 384 2506; x_wconf 89' lang='lat' dir='ltr'><strong>semper</strong></span> <span class='ocrx_word' id='word_1_181' title='bbox 401 2428 530 2488; x_wconf 88' lang='lat' dir='ltr'><strong>maxime</strong></span> <span class='ocrx_word' id='word_1_182' title='bbox 549 2427 697 2505; x_wconf 85' lang='lat' dir='ltr'><strong>agonibus</strong></span> <span class='ocrx_word' id='word_1_183' title='bbox 716 2429 892 2507; x_wconf 86' lang='lat' dir='ltr'><strong>gauderent,</strong></span> <span class='ocrx_word' id='word_1_184' title='bbox 909 2428 1007 2491; x_wconf 83' lang='lat' dir='ltr'><strong>veluti</strong></span> <span class='ocrx_word' id='word_1_185' title='bbox 1024 2428 1165 2490; x_wconf 88' lang='lat' dir='ltr'><strong>adhibita</strong></span> 
     </span>
     <span class='ocr_line' id='line_1_25' title="bbox 146 2524 1166 2604; baseline 0.002 -18"><span class='ocrx_word' id='word_1_186' title='bbox 146 2531 200 2604; x_wconf 82' lang='lat' dir='ltr'><strong>est,</strong></span> <span class='ocrx_word' id='word_1_187' title='bbox 223 2530 259 2586; x_wconf 85' lang='lat' dir='ltr'><strong>ut</strong></span> <span class='ocrx_word' id='word_1_188' title='bbox 281 2525 343 2585; x_wconf 89' lang='lat' dir='ltr'><strong>trie</strong></span> <span class='ocrx_word' id='word_1_189' title='bbox 365 2525 464 2585; x_wconf 90' lang='lat' dir='ltr'><strong>solum</strong></span> <span class='ocrx_word' id='word_1_190' title='bbox 482 2524 686 2585; x_wconf 85' lang='lat' dir='ltr'><strong>diversissima</strong></span> <span class='ocrx_word' id='word_1_191' title='bbox 708 2526 846 2603; x_wconf 83' lang='lat' dir='ltr'><strong>exempla</strong></span> <span class='ocrx_word' id='word_1_192' title='bbox 867 2544 1027 2603; x_wconf 86' lang='lat' dir='ltr'><strong>apponam⁷</strong></span> <span class='ocrx_word' id='word_1_193' title='bbox 1044 2526 1082 2585; x_wconf 86' lang='lat' dir='ltr'><strong>&#39;in</strong></span> <span class='ocrx_word' id='word_1_194' title='bbox 1099 2525 1166 2589; x_wconf 90' lang='lat' dir='ltr'><strong>Ho-</strong></span> 
     </span>
     <span class='ocr_line' id='line_1_26' title="bbox 145 2620 1166 2700; baseline 0 -18"><span class='ocrx_word' id='word_1_195' title='bbox 145 2624 221 2682; x_wconf 83' lang='lat' dir='ltr'><strong>meri</strong></span> <span class='ocrx_word' id='word_1_196' title='bbox 251 2620 437 2698; x_wconf 90' lang='lat' dir='ltr'><strong>Hosiodique</strong></span> <span class='ocrx_word' id='word_1_197' title='bbox 468 2620 644 2700; x_wconf 87' lang='lat' dir='ltr'><strong>certamine,</strong></span> <span class='ocrx_word' id='word_1_198' title='bbox 672 2621 708 2681; x_wconf 85' lang='lat' dir='ltr'><strong>-in</strong></span> <span class='ocrx_word' id='word_1_199' title='bbox 739 2621 952 2700; x_wconf 82' lang='lat' dir='ltr'><strong>Aristophanis</strong></span> <span class='ocrx_word' id='word_1_200' title='bbox 983 2622 1094 2700; x_wconf 79' lang='lat' dir='ltr'><strong>itania,</strong></span> <span class='ocrx_word' id='word_1_201' title='bbox 1133 2624 1166 2682; x_wconf 92' lang='lat' dir='ltr'><strong>in</strong></span> 
     </span>
     <span class='ocr_line' id='line_1_27' title="bbox 145 2710 1166 2799; baseline 0.001 -21"><span class='ocrx_word' id='word_1_202' title='bbox 145 2718 258 2778; x_wconf 88' lang='lat' dir='ltr'><strong>Iuliani</strong></span> <span class='ocrx_word' id='word_1_203' title='bbox 281 2710 506 2799; x_wconf 86' lang='lat' dir='ltr'><strong>Caesaribus¹);</strong></span> <span class='ocrx_word' id='word_1_204' title='bbox 533 2736 588 2778; x_wconf 89' lang='lat' dir='ltr'><strong>nec</strong></span> <span class='ocrx_word' id='word_1_205' title='bbox 610 2718 711 2779; x_wconf 91' lang='lat' dir='ltr'><strong>minus</strong></span> <span class='ocrx_word' id='word_1_206' title='bbox 733 2723 781 2779; x_wconf 89' lang='lat' dir='ltr'><strong>ost</strong></span> <span class='ocrx_word' id='word_1_207' title='bbox 802 2719 912 2780; x_wconf 90' lang='lat' dir='ltr'><strong>idonee</strong></span> <span class='ocrx_word' id='word_1_208' title='bbox 934 2738 995 2797; x_wconf 90' lang='lat' dir='ltr'><strong>que</strong></span> <span class='ocrx_word' id='word_1_209' title='bbox 1018 2718 1166 2797; x_wconf 89' lang='lat' dir='ltr'><strong>sugillen-</strong></span> 
     </span>
     <span class='ocr_line' id='line_1_28' title="bbox 145 2811 1166 2894; baseline 0.001 -17"><span class='ocrx_word' id='word_1_210' title='bbox 145 2822 198 2877; x_wconf 89' lang='lat' dir='ltr'><strong>tur</strong></span> <span class='ocrx_word' id='word_1_211' title='bbox 219 2815 393 2893; x_wconf 87' lang='lat' dir='ltr'><strong>philosophi</strong></span> <span class='ocrx_word' id='word_1_212' title='bbox 415 2815 454 2875; x_wconf 95' lang='lat' dir='ltr'><strong>ob</strong></span> <span class='ocrx_word' id='word_1_213' title='bbox 476 2816 689 2878; x_wconf 87' lang='lat' dir='ltr'><strong>altereationes</strong></span> <span class='ocrx_word' id='word_1_214' title='bbox 710 2811 874 2894; x_wconf 78' lang='lat' dir='ltr'><strong>perpetues</strong></span> <span class='ocrx_word' id='word_1_215' title='bbox 895 2816 1046 2876; x_wconf 87' lang='lat' dir='ltr'><strong>notissimi</strong></span> <span class='ocrx_word' id='word_1_216' title='bbox 1068 2816 1166 2894; x_wconf 89' lang='lat' dir='ltr'><strong>inpri-</strong></span> 
     </span>
     <span class='ocr_line' id='line_1_29' title="bbox 146 2911 1167 2992; baseline 0.001 -18"><span class='ocrx_word' id='word_1_217' title='bbox 146 2914 264 2992; x_wconf 91' lang='lat' dir='ltr'><strong>misque</strong></span> <span class='ocrx_word' id='word_1_218' title='bbox 290 2912 407 2974; x_wconf 89' lang='lat' dir='ltr'><strong>usitata</strong></span> <span class='ocrx_word' id='word_1_219' title='bbox 433 2911 465 2972; x_wconf 90' lang='lat' dir='ltr'><strong>in</strong></span> <span class='ocrx_word' id='word_1_220' title='bbox 492 2913 578 2990; x_wconf 87' lang='lat' dir='ltr'><strong>apice</strong></span> <span class='ocrx_word' id='word_1_221' title='bbox 607 2913 790 2976; x_wconf 79' lang='lat' dir='ltr'><strong>Graecorum</strong></span> <span class='ocrx_word' id='word_1_222' title='bbox 817 2914 913 2991; x_wconf 51' lang='lat' dir='ltr'><strong>poesi,</strong></span> <span class='ocrx_word' id='word_1_223' title='bbox 931 2912 1100 2974; x_wconf 88' lang='lat' dir='ltr'><strong>ludibunda</strong></span> <span class='ocrx_word' id='word_1_224' title='bbox 1128 2917 1167 2975; x_wconf 90' lang='lat' dir='ltr'><strong>ut</strong></span> 
     </span>
     <span class='ocr_line' id='line_1_30' title="bbox 146 3009 1166 3094; baseline -0.002 -22"><span class='ocrx_word' id='word_1_225' title='bbox 146 3013 178 3072; x_wconf 92' lang='lat' dir='ltr'><strong>in</strong></span> <span class='ocrx_word' id='word_1_226' title='bbox 196 3011 539 3090; x_wconf 77' lang='lat' dir='ltr'><strong>batrachomyomachia,</strong></span> <span class='ocrx_word' id='word_1_227' title='bbox 552 3012 700 3073; x_wconf 78' lang='lat' dir='ltr'><strong>Metuonis</strong></span> <span class='ocrx_word' id='word_1_228' title='bbox 715 3009 835 3094; x_wconf 72' lang='grc' dir='ltr'><strong><em>δείπνῳ,</em></strong></span> <span class='ocrx_word' id='word_1_229' title='bbox 850 3010 932 3088; x_wconf 80' lang='lat' dir='ltr'><strong>aliis3</strong></span> <span class='ocrx_word' id='word_1_230' title='bbox 950 3010 1166 3072; x_wconf 87' lang='lat' dir='ltr'><strong>verumetiam</strong></span> 
     </span>
     <span class='ocr_line' id='line_1_31' title="bbox 146 3108 1167 3187; baseline 0 -18"><span class='ocrx_word' id='word_1_231' title='bbox 146 3109 293 3187; x_wconf 87' lang='lat' dir='ltr'><strong>reliquiae</strong></span> <span class='ocrx_word' id='word_1_232' title='bbox 321 3108 404 3185; x_wconf 87' lang='lat' dir='ltr'><strong>ipsae</strong></span> <span class='ocrx_word' id='word_1_233' title='bbox 430 3128 495 3169; x_wconf 91' lang='lat' dir='ltr'><strong>rem</strong></span> <span class='ocrx_word' id='word_1_234' title='bbox 521 3109 567 3170; x_wconf 90' lang='lat' dir='ltr'><strong>ita</strong></span> <span class='ocrx_word' id='word_1_235' title='bbox 592 3128 658 3170; x_wconf 90' lang='lat' dir='ltr'><strong>sese</strong></span> <span class='ocrx_word' id='word_1_236' title='bbox 684 3108 795 3170; x_wconf 89' lang='lat' dir='ltr'><strong>habere</strong></span> <span class='ocrx_word' id='word_1_237' title='bbox 826 3126 890 3168; x_wconf 88' lang='lat' dir='ltr'><strong>non</strong></span> <span class='ocrx_word' id='word_1_238' title='bbox 913 3109 1084 3185; x_wconf 89' lang='lat' dir='ltr'><strong>loquuntur</strong></span> <span class='ocrx_word' id='word_1_239' title='bbox 1112 3108 1167 3169; x_wconf 88' lang='lat' dir='ltr'><strong>sed</strong></span> 
     </span>
     <span class='ocr_line' id='line_1_32' title="bbox 147 3208 357 3266; baseline -0.005 0"><span class='ocrx_word' id='word_1_240' title='bbox 147 3208 287 3266; x_wconf 86' lang='lat' dir='ltr'><strong>clamant.</strong></span> <span class='ocrx_word' id='word_1_241' title='bbox 356 3241 357 3246; x_wconf 22' lang='grc' dir='ltr'><strong>κ</strong></span> 
     </span>
    </p>
   </div>
   <div class='ocr_carea' id='block_1_4' title="bbox 121 3344 1166 3598">
    <p class='ocr_par' dir='ltr' id='par_1_5' title="bbox 121 3344 1166 3598">
     <span class='ocr_line' id='line_1_33' title="bbox 220 3344 1166 3420; baseline -0.001 -16"><span class='ocrx_word' id='word_1_242' title='bbox 220 3351 247 3420; x_wconf 83' lang='grc'><strong>1)</strong></span> <span class='ocrx_word' id='word_1_243' title='bbox 267 3348 360 3405; x_wconf 82' lang='lat' dir='ltr'><strong>Simili</strong></span> <span class='ocrx_word' id='word_1_244' title='bbox 383 3347 535 3406; x_wconf 87' lang='lat' dir='ltr'><strong>certamine</strong></span> <span class='ocrx_word' id='word_1_245' title='bbox 554 3348 677 3420; x_wconf 88' lang='lat' dir='ltr'><strong>pictores</strong></span> <span class='ocrx_word' id='word_1_246' title='bbox 695 3348 770 3403; x_wconf 86' lang='lat' dir='ltr'><strong>inter</strong></span> <span class='ocrx_word' id='word_1_247' title='bbox 788 3363 818 3404; x_wconf 87' lang='lat' dir='ltr'><strong>ea</strong></span> <span class='ocrx_word' id='word_1_248' title='bbox 837 3345 995 3404; x_wconf 67' lang='lat' dir='ltr'><strong>conflmiese</strong></span> <span class='ocrx_word' id='word_1_249' title='bbox 1015 3344 1117 3404; x_wconf 83' lang='lat' dir='ltr'><strong>statuit</strong></span> <span class='ocrx_word' id='word_1_250' title='bbox 1136 3348 1166 3403; x_wconf 89' lang='lat' dir='ltr'><strong>in</strong></span> 
     </span>
     <span class='ocr_line' id='line_1_34' title="bbox 145 3425 1166 3500; baseline -0.001 -15"><span class='ocrx_word' id='word_1_251' title='bbox 145 3428 313 3485; x_wconf 89' lang='lat' dir='ltr'><strong>Nicomachi</strong></span> <span class='ocrx_word' id='word_1_252' title='bbox 332 3428 425 3499; x_wconf 83' lang='lat' dir='ltr'><strong>elegia</strong></span> <span class='ocrx_word' id='word_1_253' title='bbox 443 3427 510 3484; x_wconf 88' lang='lat' dir='ltr'><strong>Otto</strong></span> <span class='ocrx_word' id='word_1_254' title='bbox 525 3428 596 3483; x_wconf 83' lang='lat' dir='ltr'><strong>lehn</strong></span> <span class='ocrx_word' id='word_1_255' title='bbox 612 3428 643 3482; x_wconf 89' lang='lat' dir='ltr'><strong>in</strong></span> <span class='ocrx_word' id='word_1_256' title='bbox 661 3425 741 3482; x_wconf 87' lang='lat' dir='ltr'><strong>relat.</strong></span> <span class='ocrx_word' id='word_1_257' title='bbox 762 3442 817 3483; x_wconf 82' lang='lat' dir='ltr'><strong>roc.</strong></span> <span class='ocrx_word' id='word_1_258' title='bbox 833 3425 897 3482; x_wconf 85' lang='lat' dir='ltr'><strong>Sex.</strong></span> <span class='ocrx_word' id='word_1_259' title='bbox 915 3426 971 3484; x_wconf 81' lang='lat' dir='ltr'><strong>vol.</strong></span> <span class='ocrx_word' id='word_1_260' title='bbox 986 3425 1053 3483; x_wconf 84' lang='lat' dir='ltr'><strong>VIII</strong></span> <span class='ocrx_word' id='word_1_261' title='bbox 1069 3429 1166 3500; x_wconf 76' lang='lat' dir='ltr'><strong>(isos)</strong></span> 
     </span>
     <span class='ocr_line' id='line_1_35' title="bbox 121 3506 967 3598; baseline 0.002 -38"><span class='ocrx_word' id='word_1_262' title='bbox 121 3523 155 3571; x_wconf 78' lang='lat' dir='ltr'><strong>p,</strong></span> <span class='ocrx_word' id='word_1_263' title='bbox 174 3508 404 3580; x_wconf 65' lang='lat' dir='ltr'><strong>stringentem</strong></span> <span class='ocrx_word' id='word_1_264' title='bbox 422 3524 492 3566; x_wconf 85' lang='lat' dir='ltr'><strong>sene</strong></span> <span class='ocrx_word' id='word_1_265' title='bbox 512 3509 562 3568; x_wconf 87' lang='lat' dir='ltr'><strong>sad</strong></span> <span class='ocrx_word' id='word_1_266' title='bbox 581 3523 683 3582; x_wconf 86' lang='lat' dir='ltr'><strong>parum</strong></span> <span class='ocrx_word' id='word_1_267' title='bbox 700 3509 779 3564; x_wconf 62' lang='lat' dir='ltr'><strong>cerm</strong></span> <span class='ocrx_word' id='word_1_268' title='bbox 795 3506 967 3598; x_wconf 66' lang='lat' dir='ltr'><strong>coniectura</strong></span> 
     </span>
    </p>
   </div>
   <div class='ocr_carea' id='block_1_5' title="bbox 0 0 1234 3832">
    <p class='ocr_par' dir='ltr' id='par_1_6' title="bbox 0 0 1234 3832">
     <span class='ocr_line' id='line_1_36' title="bbox 0 0 1234 3832; baseline 0 0"><span class='ocrx_word' id='word_1_269' title='bbox 0 0 1234 3832; x_wconf 95' lang='lat' dir='ltr'><strong> </strong></span> 
     </span>
    </p>
   </div>
  </div>
 </body>
</html>
