2452 3832
295 167 374 220 ·,
469 147 688 212 --23-

69 313 237 373 secundum
262 312 426 372 stoicorum
444 311 613 371 doctrinam
631 311 790 388 φαντασίαι
800 304 824 393 1)
845 344 887 352 -
907 311 1084 388 exiguntur:
1133 339 1137 346 ·

69 409 219 488 quidquid
242 410 361 470 varium
384 427 502 486 semper
520 413 551 468 et
569 408 729 485 mutabile,
752 427 832 468 nunc
851 413 934 468 certa
953 409 1086 486 quadam

36 509 38 512 ’
68 507 187 567 ratione
206 525 286 566 nunc
305 506 366 566 clia
384 509 592 583 comparatum
610 523 674 564 esse
692 506 827 584 videtur,
851 525 949 584 neque
973 507 1085 566 tonum

7 645 10 648 -
69 608 117 662 est
139 623 237 681 neque
264 603 413 681 divinum,
442 605 494 664 sed
516 603 665 681 quidquid
688 623 783 663 unum
806 622 924 680 semper
945 603 1085 681 idemque

70 719 136 760 esse
159 701 364 779 cognoscitur,
387 700 501 760 bonum
524 704 555 760 et
580 700 725 761 divinum.
758 701 893 760 adhaec
916 719 988 778 ergo
1014 702 1085 760 diri·

69 816 178 876 gamus
202 799 401 876 cogitationes
425 802 456 858 et
478 799 605 859 affectus
632 801 752 857 nostros
775 815 896 857 necesse
920 800 967 856 est
990 800 1020 855 ct
1043 797 1086 855 sic

68 895 106 955 fit
124 899 160 955 ut
177 896 386 955 nanciscamur
408 914 560 955 summum
578 895 657 954 illud
674 895 875 972 scepticorum
893 895 1014 971 bonum,
1032 887 1087 971 τὴν

69 986 237 1071 ἀταραξίαν.
274 993 336 1052 iam
358 993 454 1072 igitur
477 993 675 1071 intellegitur,
699 991 849 1069 quomodo
868 1009 958 1052 versu
976 992 1086 1067 quarto

72 1091 253 1152 dictumt
212 1092 265 1152 sit:
289 1079 360 1163 ἐξ
338 1114 381 1151 ων
399 1085 529 1163 troiscos
547 1090 656 1170 γίνεται
674 1083 763 1169 ἀνδρὶ
780 1088 853 1167 βίος.
891 1089 996 1148 statim
1014 1106 1086 1149 vero

70 1189 103 1247 id
121 1208 242 1266 quoque
261 1188 428 1267 apparebit,
447 1208 501 1248 cur
519 1187 657 1266 ἰνδαλμοί
673 1187 798 1246 carmini
818 1205 872 1246 suo
891 1183 1087 1263 inscripserit,

70 1305 133 1362 qua
157 1287 248 1346 dere
270 1306 331 1347 non
350 1288 448 1346 solum
466 1285 563 1346 Nicol.
577 1286 710 1346 Baohius
719 1277 745 1366 ᾗ)
767 1303 908 1362 perverse
930 1283 1086 1358 iudicavit,
1109 1287 1111 1292 '

71 1384 124 1442 sed
151 1404 249 1462 neque
278 1385 350 1461 ipse*
371 1385 444 1444 clim
474 1404 503 1460 p.
530 1388 583 1461 11,
621 1384 763 1443 seductus
796 1381 931 1460 eleganti
961 1379 1088 1456 Bergkii

71 1482 247 1542 coniectura
266 1501 358 1559 quem
377 1500 469 1558 supra
485 1480 523 1540 ad
536 1482 572 1540 fr.
587 1482 602 1541 I
621 1480 775 1558 adscripsi,
798 1498 896 1557 neque
915 1478 1086 1556 nuperrime

72 1577 223 1639 Hirzelius
250 1601 279 1657 p.
304 1582 345 1639 54
373 1597 496 1656 prorsus
528 1582 622 1656 recte,
656 1595 840 1655 quamquam
872 1579 992 1652 partem
1022 1575 1088 1635 veri

71 1681 200 1753 uterque
229 1677 373 1736 assecuti:
405 1696 476 1736 nam
507 1695 605 1753 neque
633 1677 732 1734 solum
764 1674 801 1732 de
828 1673 913 1732 falsis
942 1676 973 1731 et
1000 1673 1086 1732 vanis

73 1774 257 1852 imaginibus
281 1792 358 1850 quae
382 1774 413 1831 iu
431 1775 569 1832 nostrum
588 1773 723 1830 animum
740 1771 900 1829 incurrunt
918 1768 995 1828 dixit
1013 1768 1087 1845 Pyr-

71 1871 164 1949 rhon,
188 1871 270 1949 quod
293 1889 349 1947 ego
373 1870 482 1946 statui,
509 1887 607 1946 neque
637 1869 735 1927 solum
763 1867 800 1926 de
824 1867 904 1928 veris
932 1870 963 1925 et
981 1865 1087 1943 iustiS,

72 1968 156 2044 quod
173 1966 324 2026 Himelius
343 1966 450 2043 voluit,
474 1965 527 2024 sed
544 1965 690 2027 tractavit
708 1963 811 2023 ambas
831 1964 994 2041 docuitque
1013 1983 1087 2040 quo-

72 2181 160 2235 zelius
183 2198 211 2249 p.
232 2185 278 2245 583
304 2179 391 2234 etiam
413 2177 504 2234 minus
526 2178 641 2248 probari
663 2181 758 2247 potest
781 2179 857 2246 quod
879 2177 993 2249 scripsit
1010 2177 1087 2233 idem

73 2279 101 2330 p.
122 2266 169 2314 60:
196 2258 254 2314 ‘die
275 2253 418 2327 'ivcetpot
438 2275 531 2313 waren
555 2259 641 2312 daher
659 2257 721 2312 eine
741 2257 868 2313 ethischc
887 2256 1000 2325 Schrift,
1019 2257 1088 2312 aber

73 2338 155 2392 nicht
177 2338 207 2392 in
231 2339 295 2393 deni
314 2337 411 2405 Sinne,
436 2337 501 2392 dass
524 2336 565 2392 sie
588 2335 635 2392 die
654 2337 758 2392 letrten
774 2335 934 2406 Principien
953 2335 1002 2390 der
1021 2335 1088 2390 Sitt-

72 2417 194 2473 lichkeit
218 2419 385 2485 erorterten3
414 2417 465 2472 das'
492 2417 569 2473 blieb
593 2419 715 2473 anderen
739 2418 881 2474 Schriften
903 2417 1088 2473 vorbehalten

73 2498 130 2553 und
157 2499 253 2554 wurde
280 2499 311 2553 in
341 2499 396 2554 den
420 2493 563 2567 Ἰνδαλμοί
588 2497 630 2552 als
659 2499 751 2568 μῦθος
778 2493 916 2568 ἀληθείης
944 2514 1088 2553 vorsus·

14 2645 15 2650 ἵ
73 2579 225 2652 gesetzt'
238 2580 267 2650 (t)
296 2580 431 2646 (ceterum
457 2578 597 2647 quomodo
620 2580 712 2634 totum
736 2579 909 2635 enuntiatum
934 2577 1088 2648 Natorpius

72 2655 120 2712 L
111 2675 129 2712 1
150 2677 170 2712 s.
189 2676 216 2727 p
234 2664 287 2713 292
307 2660 468 2713 construere
486 2656 621 2728 voluerit,
641 2675 685 2713 me
704 2659 795 2729 latet).

148 2736 237 2807 1)cf
255 2737 417 2820 Natorpius,
439 2737 552 2793 Ferret.
571 2755 594 2793 a.
614 2739 706 2794 ἄεισι.
726 2741 752 2794 d.
772 2738 1089 2807 Ertcaatnissprcblems

72 2836 101 2888 p.
122 2823 187 2884 289,
211 2818 260 2886 qui
259 2801 358 2872 recte
384 2817 519 2884 refutavit
536 2817 702 2887 Hircelium,
726 2818 889 2874 Ueteralll
907 2837 934 2887 p.
954 2823 988 2871 22
1013 2818 1088 2872 coni·

72 2897 204 2965 cientem,
223 2897 369 2950 Timonem
388 2879 531 2967 lvdctpoiv
549 2897 665 3005 titulum
679 2915 694 2952 e
709 2896 885 2952 Democriteo
905 2897 987 2951 huius
1005 2913 1087 2951 voca·

74 2976 136 3031 buli
154 2995 207 3032 usu
225 2975 349 3046 petiisse.

114 3059 174 3124 .2)
147 3057 251 3112 ailla
274 3060 376 3126 quaest
396 3057 459 3125 clep.
478 3071 547 3124 spec.
566 3055 623 3124 lp.
644 3061 660 3110 8
684 3055 797 3124 scripsit
819 3054 902 3108 haec:
933 3051 1089 3122 lvdetpeiv

71 3135 220 3207 inscriptio
246 3135 369 3229 repetita
393 3151 453 3190 esse
477 3134 588 3198 videtur
611 3134 647 3189 ab
670 3133 842 3202 imaginibus
865 3133 923 3187 sive
946 3133 1088 3202 parabolis

73 3233 146 3286 quas
171 3218 286 3286 poeta
279 3235 308 3271 ιιι
331 3215 468 3271 auxilium
490 3213 604 3269 vocavit
626 3213 663 3268 ad
685 3213 881 3284 perodiccrum
904 3212 1089 3269 distichorum

75 3297 134 3352 vim
149 3297 368 3352 confirmandam
383 3295 557 3364 aliorumque
570 3293 803 3364 philosophorum
817 3293 951 3363 dogmata
964 3294 998 3348 de
1008 3294 1089 3349 seriis

75 3377 106 3432 in
124 3375 244 3432 ridicula
263 3377 498 3444 contorquenda'3
517 3374 638 3430 credidit
652 3373 727 3428 enim
740 3372 818 3427 nulle
832 3373 997 3442 argumento
1012 3373 1089 3428 nisus

75 3458 127 3512 hos
152 3451 305 3525 ἰνδαλμούς
330 3472 391 3511 asse
405 3472 449 3511 ex
471 3455 579 3526 elegiae
602 3451 751 3525 parodicae
775 3453 854 3522 qued
874 3451 1106 3507 astense-sus

74 3535 153 3593 visus
172 3538 214 3590 est
229 3551 339 3607 genere.
411 3555 414 3561 ·
