2452 3832
534 124 755 189 -70‘-

136 293 227 366 poeta
249 289 349 350 voluit
373 289 471 348 dicere
495 291 650 365 cogantur.
693 307 753 365 qua
777 307 813 347 ex
837 290 934 365 specie
958 289 990 348 id
1009 293 1055 349 est
1075 291 1161 367 quod

137 387 214 447 dixit
246 385 442 446 Antisthenes
477 377 529 467 (cf.
562 385 679 463 David,
712 386 803 445 schol.
836 387 868 444 in
900 385 1027 447 Aristot.
1061 386 1160 463 caup.

136 505 165 561 p.
191 475 248 544 23¹³
274 476 331 564 11)
360 485 408 544 vel
436 484 586 561 Diogenes
616 475 667 563 (cf.
692 482 785 561 sloh,
809 485 892 559 eclog.
916 484 947 542 Π
972 487 1005 561 8,
1027 477 1099 565 21),
1129 503 1160 545 se

137 581 256 641 credere
275 581 442 642 Fortunam
465 582 564 657 ipsum
583 580 726 640 intuitum
745 582 934 641 elocuturum
953 599 1030 640 esse:
1053 584 1161 643 τοῦτον

138 672 167 737 d’
189 672 226 739 ού
250 672 382 757 δύναμαι
400 675 516 758 βαλέειν
538 671 616 738 κύνα
634 680 801 756 λυσσητῆρα
820 670 870 760 (ll.
894 681 919 738 Θ
941 671 1028 760 299).
1076 680 1159 738 simi·

136 777 209 836 liter
231 776 383 854 Diogenes
407 795 477 836 cum
500 776 596 835 olivas
620 767 737 856 (ἐλάας)
756 776 875 853 ederet,
904 778 1000 837 allata
1017 779 1161 853 placenta

137 875 233 935 olivas
276 876 386 936 abiecit
420 893 502 934 usus
544 875 709 934 notissimis
746 873 870 933 Homeri
907 872 1005 934 verbis
1045 866 1097 955 (Il.
1132 877 1160 933 Ε

139 975 202 1033 366
220 966 274 1055 al.)
298 967 434 1051 μάστιξεν
453 966 481 1031 δ’
504 963 595 1031 ἐλάαν
613 963 665 1051 (cf.
685 971 718 1029 L.
737 971 773 1030 D.
792 972 836 1030 VI
857 964 927 1053 55);
950 991 1048 1049 neque
1068 973 1161 1032 aliter

138 1089 208 1130 cum
230 1069 357 1132 'vidisset
381 1070 531 1147 quendam
554 1069 586 1127 in
609 1069 692 1128 furto
716 1069 934 1145 deprehensum
955 1067 1160 1148 πορφυροκλέ-

139 1188 226 1245 πτην,
251 1161 363 1234 ‘hunc’,
382 1167 491 1244 inquit,
515 1161 629 1244 “έλλαβε
647 1158 816 1243 πορφύρεος
833 1159 966 1236 θάνατος
984 1162 1033 1223 καὶ
1052 1168 1160 1245 Μοῖρα

136 1259 272 1342 κραταιή’
297 1256 348 1345 (Il.
374 1257 482 1340 1⁴:833
505 1264 542 1322 cf.
566 1264 600 1322 L.
623 1262 659 1321 D.
682 1262 727 1321 VI
751 1255 817 1343 57).

205 1361 334 1421 Omnino
367 1365 471 1421 autem
503 1362 680 1438 polluerunt
713 1361 810 1436 cynici
842 1359 1023 1436 usurpandis
1052 1360 1160 1421 deflec-

139 1458 297 1535 tendisque
312 1463 471 1535 poetarum
485 1457 621 1520 versibus
630 1449 663 1538 ¹),
677 1459 764 1518 velut
777 1457 932 1533 Euripidis
942 1458 1031 1517 Aeoli
1042 1458 1160 1518 dictum

137 1555 166 1616 τί
182 1549 211 1614 d'
233 1549 354 1634 αἰσχρὸν
376 1548 417 1632 ἢν
435 1549 474 1634 μὴ
493 1559 569 1616 τοῖσι
586 1550 746 1632 χρωμένοις
765 1553 840 1635 δοκῇ
859 1554 1012 1614 detortum
1032 1557 1078 1615 est
1095 1557 1159 1618 sive

138 1653 176 1712 ab
190 1652 370 1721 Antisthene
390 1653 453 1714 sive
468 1671 486 1712 a
500 1652 636 1730 Diogene
653 1653 710 1712 ita:
730 1645 851 1731 αἰσχρὸν
873 1647 905 1713 τό
918 1646 947 1732 γ’
964 1647 1086 1731 αἰσχρὸν
1101 1647 1160 1714 κάν

138 1749 212 1832 δοκῇ
235 1743 293 1810 κάν
316 1744 356 1828 μὴ
381 1742 488 1832 ὃοκῇλ)
511 1750 685 1827 pariterque
705 1750 787 1826 quod
805 1753 851 1810 est
869 1750 901 1808 in
919 1750 1075 1826 Euripidis
1095 1752 1158 1811 An-

138 1847 224 1923 tiopa
247 1838 379 1926 γνύμαις
401 1841 458 1926 γὰρ
481 1840 591 1925 ἀνδρὸς
614 1835 647 1907 εὗ
670 1842 724 1925 μέν
747 1846 896 1908 οἰκοῦνται
918 1840 1026 1924 πόλεις,
1048 1843 1052 1926 ἱ
1073 1838 1109 1909 εὖ
1128 1843 1156 1910 d’

137 1937 230 2020 οἶκος,
245 1943 286 2016 ele
300 1937 324 2002 τ’
343 1933 382 2003 αὖ
395 1935 525 2021 πόλεμον
538 1935 632 2022 ἰσχύει
646 1941 719 2025 μέγα
733 1963 751 2004 a
765 1945 901 2023 Diogene
916 1937 963 2026 (L.
974 1946 1009 2004 D.
1020 1946 1065 2005 VI
1077 1939 1158 2028 104)

136 2041 216 2102 hunc
249 2040 281 2098 in
315 2040 451 2100 modum:
483 2034 615 2119 γνώμαις
642 2036 698 2122 γὰρ
725 2035 845 2121 ἀνδρῶν
872 2031 905 2102 εὖ
929 2039 983 2120 μέν
1005 2042 1158 2104 οἰκοῦνται

137 2133 253 2214 πόλεις,
278 2133 284 2218 Ι
308 2127 341 2198 εὖ
367 2132 395 2198 δ’
419 2131 514 2214 οἶκος,
537 2133 574 2200 ού
597 2143 741 2218 ψαλμοῖσι
763 2136 813 2199 καὶ
835 2139 1045 2219 τερετίσμασιν;
1074 2141 1158 2201 simi·

138 2237 210 2297 liter
227 2236 390 2315 Hippolyti
412 2255 535 2297 versum
558 2239 623 2297 424
647 2236 754 2298 δουλοῖ
773 2230 830 2316 γάρ
851 2231 948 2315 ἄνδρα
966 2229 1023 2296 κάν
1041 2229 1157 2316 θρασύ-

123 2327 302 2415 σπλαγχνός
332 2355 375 2407 τις
398 2322 422 2416 ᾖ
450 2335 588 2396 imitatus
617 2339 663 2395 est
685 2335 763 2394 Bion
787 2326 839 2416 (LJ
858 2335 894 2393 D.
918 2335 962 2393 IV
986 2329 1057 2416 51),
1087 2354 1157 2396 cum

138 2433 215 2492 dixit
237 2425 292 2509 τὴν
310 2425 494 2514 εύσέβειανλ)
518 2426 653 2512 πονηρὸν
676 2425 752 2492 εἶναι
775 2425 916 2493 σύνοικον
938 2434 973 2512 τῇ
995 2433 1157 2516 παρρησία,

138 2524 259 2590 ‘devici
275 2522 332 2608 γάρ
351 2523 448 2608 άνὸρα
466 2521 526 2588 κάν
542 2521 750 2608 θρασύστομύς
767 2552 810 2602 τις
828 2517 869 2610 γ’γ’
906 2527 1038 2589 Choerili
1052 2535 1157 2591 autem

137 2625 232 2684 Samii
259 2643 364 2685 versus
393 2624 504 2702 quibus
529 2625 728 2704 Sardanapali
752 2628 890 2703 sepulcro
913 2627 1094 2704 inscriptum
1117 2629 1156 2689 ti·

135 2722 238 2781 tulum
266 2722 406 2798 exposuit
432 2715 504 2782 κεῖν’
535 2721 590 2802 έχω
618 2717 681 2785 ὅσσ’
712 2722 826 2805 έφαγον
853 2721 904 2784 καλ
930 2717 1080 2803 ἐφύβρισα
1105 2724 1155 2786 καὶ

136 2811 193 2878 σύν
220 2816 305 2897 έρωτι
325 2815 329 2898 )
349 2811 447 2897 τέρπν’
473 2817 602 2882 ἔπαθον·
627 2815 661 2882 τά
690 2817 723 2882 δὲ
749 2815 843 2883 πολλὰ
871 2819 920 2882 καλ
948 2816 1034 2901 ὄλβια
1057 2816 1156 2884 πάντα

136 2912 269 2976 λέλυνται
289 2915 392 2977 Grates
417 2918 458 2977 sic
482 2918 669 2981 immutavit:
691 2913 772 2980 ταῦτ’
797 2917 852 2998 ἔχω
876 2913 940 2981 ὅστ’
965 2917 1082 2997 ἔμαθον
1105 2919 1154 2981 καὶ

210 3089 236 3155 1)
255 3087 318 3141 Ηυο
336 3086 366 3140 id
385 3102 496 3156 quoque
515 3087 619 3143 referas
629 3087 714 3159 ‘quod
728 3089 799 3145 Bion
811 3104 924 3143 versum
938 3089 1038 3159 cyclici
1051 3091 1154 3159 poetae

129 3161 191 3228 ,ούκ
214 3161 268 3220 ἀπ’
290 3162 359 3235 ἐμοῦ
379 3166 527 3231 σκεδάσεις
545 3164 646 3238 ὅγλον,
674 3169 837 3236 ταλαπείριε
860 3166 967 3239 πρέσβυ
992 3166 1027 3222 de
1052 3167 1094 3223 dis
1112 3169 1156 3224 in-

134 3248 294 3316 terrogatus
316 3262 465 3317 usurpasse
478 3248 642 3319 perhibetur
656 3265 674 3302 a
687 3247 801 3303 Laertio
815 3245 895 3317 Diog.
911 3247 938 3302 ΙΙ
954 3253 1018 3302 117:
1033 3245 1067 3302 cf.
1082 3247 1151 3304 Mei·

134 3326 248 3393 seirius,
276 3326 352 3382 ακολ.
371 3328 404 3382 io
421 3326 519 3384 Athen.
539 3347 566 3398 p.
586 3334 610 3384 2.
699 3372 701 3378 ,

204 3417 234 3486 2)
255 3412 295 3470 Ol.
315 3413 580 3486 Winckelmannus,
595 3416 754 3476 ,Aetherea
773 3414 827 3487 ἐσμ.
847 3432 875 3484 p.
895 3420 937 3469 54.
959 3467 960 3471 ,

193 3507 224 3573 3)
234 3503 283 3560 Sic
294 3520 363 3561 corr.
378 3503 545 3564 Welclrerus
555 3501 900 3578 praet.'lheogn.p.XOIl
910 3519 961 3573 pro
972 3501 1153 3576 δυσσέβειαν.
