<?xml version="1.0" encoding="UTF-8"?>
<!DOCTYPE html PUBLIC "-//W3C//DTD XHTML 1.0 Transitional//EN"
    "http://www.w3.org/TR/xhtml1/DTD/xhtml1-transitional.dtd">
<html xmlns="http://www.w3.org/1999/xhtml" xml:lang="en" lang="en">
 <head>
  <title>
</title>
<meta http-equiv="Content-Type" content="text/html;charset=utf-8" />
  <meta name='ocr-system' content='tesseract 3.04.00' />
  <meta name='ocr-capabilities' content='ocr_page ocr_carea ocr_par ocr_line ocrx_word'/>
</head>
<body>
  <div class='ocr_page' id='page_1' title='image "./corpusculumpoes00brangoog_0147.png"; bbox 0 0 2454 3840; ppageno 0'>
   <div class='ocr_carea' id='block_1_1' title="bbox 542 126 1168 194">
    <p class='ocr_par' dir='ltr' id='par_1_1' title="bbox 542 126 1168 194">
     <span class='ocr_line' id='line_1_1' title="bbox 542 126 1168 194; baseline 0.005 -4"><span class='ocrx_word' id='word_1_1' title='bbox 542 162 584 172; x_wconf 91' lang='lat'>—</span> <span class='ocrx_word' id='word_1_2' title='bbox 632 126 696 191; x_wconf 88' lang='grc'>140</span> <span class='ocrx_word' id='word_1_3' title='bbox 742 163 784 173; x_wconf 95' lang='lat'>—-</span> <span class='ocrx_word' id='word_1_4' title='bbox 1044 151 1168 194; x_wconf 81' lang='grc'><strong>11111111</strong></span> 
     </span>
    </p>
   </div>
   <div class='ocr_carea' id='block_1_2' title="bbox 115 282 1206 2516">
    <p class='ocr_par' dir='ltr' id='par_1_2' title="bbox 115 282 1206 2516">
     <span class='ocr_line' id='line_1_2' title="bbox 154 282 1168 374; baseline 0.003 -24"><span class='ocrx_word' id='word_1_5' title='bbox 154 285 205 374; x_wconf 82' lang='lat' dir='ltr'>(fr.</span> <span class='ocrx_word' id='word_1_6' title='bbox 219 282 354 372; x_wconf 87' lang='lat' dir='ltr'><strong>XXXX)</strong></span> <span class='ocrx_word' id='word_1_7' title='bbox 386 291 448 349; x_wconf 91' lang='lat' dir='ltr'>iam</span> <span class='ocrx_word' id='word_1_8' title='bbox 466 290 649 351; x_wconf 86' lang='lat' dir='ltr'>Laurentius</span> <span class='ocrx_word' id='word_1_9' title='bbox 672 295 742 368; x_wconf 92' lang='lat' dir='ltr'>post</span> <span class='ocrx_word' id='word_1_10' title='bbox 765 293 826 352; x_wconf 89' lang='lat' dir='ltr'>alia</span> <span class='ocrx_word' id='word_1_11' title='bbox 849 311 927 369; x_wconf 91' lang='lat' dir='ltr'>quae</span> <span class='ocrx_word' id='word_1_12' title='bbox 950 291 987 353; x_wconf 90' lang='lat' dir='ltr'>de</span> <span class='ocrx_word' id='word_1_13' title='bbox 1010 294 1168 370; x_wconf 85' lang='lat' dir='ltr'>proverbio</span> 
     </span>
     <span class='ocr_line' id='line_1_3' title="bbox 154 381 1171 470; baseline 0.002 -22"><span class='ocrx_word' id='word_1_14' title='bbox 154 383 241 450; x_wconf 75' lang='grc' dir='ltr'>τούπὶ</span> <span class='ocrx_word' id='word_1_15' title='bbox 263 391 298 470; x_wconf 72' lang='grc' dir='ltr'>τῇ</span> <span class='ocrx_word' id='word_1_16' title='bbox 320 389 403 470; x_wconf 73' lang='grc' dir='ltr'><strong><em>φακῇ</em></strong></span> <span class='ocrx_word' id='word_1_17' title='bbox 425 381 521 466; x_wconf 78' lang='grc' dir='ltr'><strong><em>μύρον</em></strong></span> <span class='ocrx_word' id='word_1_18' title='bbox 548 389 688 465; x_wconf 78' lang='lat' dir='ltr'><strong>exposuit</strong></span> <span class='ocrx_word' id='word_1_19' title='bbox 715 390 747 448; x_wconf 94' lang='lat' dir='ltr'>in</span> <span class='ocrx_word' id='word_1_20' title='bbox 770 388 939 467; x_wconf 77' lang='lat' dir='ltr'>(lynrrloum</span> <span class='ocrx_word' id='word_1_21' title='bbox 967 408 1000 449; x_wconf 90' lang='lat' dir='ltr'>se</span> <span class='ocrx_word' id='word_1_22' title='bbox 1023 392 1171 452; x_wconf 83' lang='lat' dir='ltr'>convertit</span> 
     </span>
     <span class='ocr_line' id='line_1_4' title="bbox 154 486 1170 568; baseline 0.002 -22"><span class='ocrx_word' id='word_1_23' title='bbox 154 487 198 546; x_wconf 88' lang='lat' dir='ltr'>eis</span> <span class='ocrx_word' id='word_1_24' title='bbox 212 486 311 548; x_wconf 85' lang='lat' dir='ltr'>verbis</span> <span class='ocrx_word' id='word_1_25' title='bbox 325 505 448 546; x_wconf 87' lang='lat' dir='ltr'>exorsus</span> <span class='ocrx_word' id='word_1_26' title='bbox 464 505 540 563; x_wconf 89' lang='lat' dir='ltr'>qnae</span> <span class='ocrx_word' id='word_1_27' title='bbox 556 504 648 562; x_wconf 89' lang='lat' dir='ltr'>supra</span> <span class='ocrx_word' id='word_1_28' title='bbox 662 487 777 563; x_wconf 80' lang='lat' dir='ltr'><strong>scripsi.</strong></span> <span class='ocrx_word' id='word_1_29' title='bbox 800 489 902 566; x_wconf 86' lang='lat' dir='ltr'>pergit</span> <span class='ocrx_word' id='word_1_30' title='bbox 916 488 1024 548; x_wconf 89' lang='lat' dir='ltr'>deinde</span> <span class='ocrx_word' id='word_1_31' title='bbox 1033 490 1170 568; x_wconf 85' lang='lat' dir='ltr'>Magnus,</span> 
     </span>
     <span class='ocr_line' id='line_1_5' title="bbox 155 577 1170 665; baseline 0.002 -21"><span class='ocrx_word' id='word_1_32' title='bbox 155 585 234 645; x_wconf 88' lang='lat' dir='ltr'>alius</span> <span class='ocrx_word' id='word_1_33' title='bbox 258 584 381 662; x_wconf 88' lang='lat' dir='ltr'>quidam</span> <span class='ocrx_word' id='word_1_34' title='bbox 400 583 539 662; x_wconf 80' lang='lat' dir='ltr'>conviva,</span> <span class='ocrx_word' id='word_1_35' title='bbox 563 584 620 644; x_wconf 83' lang='lat' dir='ltr'>ita:</span> <span class='ocrx_word' id='word_1_36' title='bbox 644 577 733 663; x_wconf 67' lang='grc' dir='ltr'>ὁμὲν</span> <span class='ocrx_word' id='word_1_37' title='bbox 753 578 840 644; x_wconf 79' lang='grc' dir='ltr'><strong><em>πάντ’</em></strong></span> <span class='ocrx_word' id='word_1_38' title='bbox 866 579 983 665; x_wconf 65' lang='grc' dir='ltr'><strong><em>ἄριστος</em></strong></span> <span class='ocrx_word' id='word_1_39' title='bbox 999 581 1170 665; x_wconf 82' lang='grc' dir='ltr'><strong><em>Λαρήνσιος</em></strong></span> 
     </span>
     <span class='ocr_line' id='line_1_6' title="bbox 155 674 1172 766; baseline -0.003 -23"><span class='ocrx_word' id='word_1_40' title='bbox 155 676 262 755; x_wconf 72' lang='grc' dir='ltr'><strong><em>ὀξέως</em></strong></span> <span class='ocrx_word' id='word_1_41' title='bbox 293 679 352 742; x_wconf 73' lang='grc' dir='ltr'>καὶ</span> <span class='ocrx_word' id='word_1_42' title='bbox 383 684 498 754; x_wconf 78' lang='grc' dir='ltr'><strong><em>καλῶς</em></strong></span> <span class='ocrx_word' id='word_1_43' title='bbox 526 674 706 759; x_wconf 71' lang='grc' dir='ltr'><strong><em>ἀπήντησε</em></strong></span> <span class='ocrx_word' id='word_1_44' title='bbox 733 684 776 766; x_wconf 77' lang='grc' dir='ltr'>τῷ</span> <span class='ocrx_word' id='word_1_45' title='bbox 803 676 969 761; x_wconf 75' lang='grc' dir='ltr'>γάστριδι</span> <span class='ocrx_word' id='word_1_46' title='bbox 995 681 1083 743; x_wconf 75' lang='grc' dir='ltr'><strong><em>κυνὶ</em></strong></span> <span class='ocrx_word' id='word_1_47' title='bbox 1110 680 1172 759; x_wconf 84' lang='grc' dir='ltr'><strong><em>περὶ</em></strong></span> 
     </span>
     <span class='ocr_line' id='line_1_7' title="bbox 154 774 1171 862; baseline -0.003 -21"><span class='ocrx_word' id='word_1_48' title='bbox 154 782 207 842; x_wconf 80' lang='grc' dir='ltr'>τοῦ</span> <span class='ocrx_word' id='word_1_49' title='bbox 237 774 355 862; x_wconf 82' lang='grc' dir='ltr'><em>κόγχου.</em></span> <span class='ocrx_word' id='word_1_50' title='bbox 401 780 471 839; x_wconf 90' lang='lat' dir='ltr'>inde</span> <span class='ocrx_word' id='word_1_51' title='bbox 504 778 636 839; x_wconf 84' lang='lat' dir='ltr'>efficitur</span> <span class='ocrx_word' id='word_1_52' title='bbox 665 780 844 840; x_wconf 87' lang='lat' dir='ltr'>Larensium</span> <span class='ocrx_word' id='word_1_53' title='bbox 876 781 1043 859; x_wconf 76' lang='lat' dir='ltr'><strong>castigasse</strong></span> <span class='ocrx_word' id='word_1_54' title='bbox 1077 781 1171 858; x_wconf 83' lang='lat' dir='ltr'>oynioi</span> 
     </span>
     <span class='ocr_line' id='line_1_8' title="bbox 156 868 1170 960; baseline 0.001 -21"><span class='ocrx_word' id='word_1_55' title='bbox 156 879 337 940; x_wconf 73' lang='lat' dir='ltr'>edacitatem</span> <span class='ocrx_word' id='word_1_56' title='bbox 369 868 530 959; x_wconf 78' lang='grc' dir='ltr'>(γάστριδι)</span> <span class='ocrx_word' id='word_1_57' title='bbox 564 880 595 937; x_wconf 89' lang='grc'>11</span> <span class='ocrx_word' id='word_1_58' title='bbox 626 877 830 956; x_wconf 78' lang='lat' dir='ltr'>ignorantiam</span> <span class='ocrx_word' id='word_1_59' title='bbox 863 870 934 959; x_wconf 78' lang='grc' dir='ltr'>(οὐκ</span> <span class='ocrx_word' id='word_1_60' title='bbox 967 871 1170 960; x_wconf 77' lang='grc' dir='ltr'>ἐπιστάμενος)</span> 
     </span>
     <span class='ocr_line' id='line_1_9' title="bbox 156 975 1206 1055; baseline 0 -19"><span class='ocrx_word' id='word_1_61' title='bbox 156 977 264 1038; x_wconf 89' lang='lat' dir='ltr'>aoerba</span> <span class='ocrx_word' id='word_1_62' title='bbox 292 976 423 1055; x_wconf 89' lang='lat' dir='ltr'>quadam</span> <span class='ocrx_word' id='word_1_63' title='bbox 451 975 589 1036; x_wconf 80' lang='lat' dir='ltr'>irrisione</span> <span class='ocrx_word' id='word_1_64' title='bbox 617 995 653 1035; x_wconf 88' lang='lat' dir='ltr'>ex</span> <span class='ocrx_word' id='word_1_65' title='bbox 677 976 810 1036; x_wconf 83' lang='lat' dir='ltr'>Timone</span> <span class='ocrx_word' id='word_1_66' title='bbox 829 976 940 1054; x_wconf 86' lang='lat' dir='ltr'>petita,</span> <span class='ocrx_word' id='word_1_67' title='bbox 972 995 1006 1034; x_wconf 85' lang='lat' dir='ltr'>ex</span> <span class='ocrx_word' id='word_1_68' title='bbox 1032 995 1095 1054; x_wconf 90' lang='lat' dir='ltr'>qua</span> <span class='ocrx_word' id='word_1_69' title='bbox 1118 975 1171 1054; x_wconf 79' lang='lat' dir='ltr'>Cy·</span> <span class='ocrx_word' id='word_1_70' title='bbox 1205 1047 1206 1052; x_wconf 8' lang='grc' dir='ltr'>η</span> 
     </span>
     <span class='ocr_line' id='line_1_10' title="bbox 155 1073 1172 1152; baseline 0 -18"><span class='ocrx_word' id='word_1_71' title='bbox 155 1076 263 1134; x_wconf 87' lang='lat' dir='ltr'>nulous</span> <span class='ocrx_word' id='word_1_72' title='bbox 287 1075 414 1152; x_wconf 87' lang='lat' dir='ltr'>fingitur</span> <span class='ocrx_word' id='word_1_73' title='bbox 437 1075 497 1134; x_wconf 94' lang='lat' dir='ltr'>alio</span> <span class='ocrx_word' id='word_1_74' title='bbox 522 1073 653 1151; x_wconf 87' lang='lat' dir='ltr'>quodam</span> <span class='ocrx_word' id='word_1_75' title='bbox 675 1074 796 1132; x_wconf 92' lang='lat' dir='ltr'>nomine</span> <span class='ocrx_word' id='word_1_76' title='bbox 815 1073 853 1132; x_wconf 88' lang='lat' dir='ltr'>ab</span> <span class='ocrx_word' id='word_1_77' title='bbox 872 1073 960 1132; x_wconf 90' lang='lat' dir='ltr'>initio</span> <span class='ocrx_word' id='word_1_78' title='bbox 980 1078 1172 1151; x_wconf 76' lang='lat' dir='ltr'>nuncupatus</span> 
     </span>
     <span class='ocr_line' id='line_1_11' title="bbox 157 1169 1171 1248; baseline 0 -17"><span class='ocrx_word' id='word_1_79' title='bbox 157 1190 228 1232; x_wconf 87' lang='lat' dir='ltr'>esee.</span> <span class='ocrx_word' id='word_1_80' title='bbox 269 1172 350 1248; x_wconf 93' lang='lat' dir='ltr'>quod</span> <span class='ocrx_word' id='word_1_81' title='bbox 372 1190 433 1230; x_wconf 93' lang='lat' dir='ltr'>non</span> <span class='ocrx_word' id='word_1_82' title='bbox 455 1171 551 1248; x_wconf 88' lang='lat' dir='ltr'>ipsius</span> <span class='ocrx_word' id='word_1_83' title='bbox 575 1169 703 1248; x_wconf 82' lang='lat' dir='ltr'>Oynuloi</span> <span class='ocrx_word' id='word_1_84' title='bbox 725 1189 833 1230; x_wconf 91' lang='lat' dir='ltr'>nomen</span> <span class='ocrx_word' id='word_1_85' title='bbox 855 1171 1015 1247; x_wconf 88' lang='lat' dir='ltr'>proprium</span> <span class='ocrx_word' id='word_1_86' title='bbox 1040 1171 1171 1231; x_wconf 89' lang='lat' dir='ltr'>Theodo-</span> 
     </span>
     <span class='ocr_line' id='line_1_12' title="bbox 155 1259 1173 1350; baseline 0.003 -24"><span class='ocrx_word' id='word_1_87' title='bbox 155 1287 224 1326; x_wconf 87' lang='lat' dir='ltr'>rum</span> <span class='ocrx_word' id='word_1_88' title='bbox 256 1259 307 1348; x_wconf 82' lang='lat' dir='ltr'>(of.</span> <span class='ocrx_word' id='word_1_89' title='bbox 331 1269 387 1328; x_wconf 87' lang='lat' dir='ltr'>XV</span> <span class='ocrx_word' id='word_1_90' title='bbox 409 1290 438 1345; x_wconf 89' lang='lat' dir='ltr'>p.</span> <span class='ocrx_word' id='word_1_91' title='bbox 464 1271 554 1347; x_wconf 80' lang='lat'><strong>669⁰,</strong></span> <span class='ocrx_word' id='word_1_92' title='bbox 578 1261 674 1350; x_wconf 65' lang='lat'>6921‘)</span> <span class='ocrx_word' id='word_1_93' title='bbox 709 1287 787 1345; x_wconf 82' lang='lat' dir='ltr'>esse,</span> <span class='ocrx_word' id='word_1_94' title='bbox 820 1268 871 1328; x_wconf 92' lang='lat' dir='ltr'>sed</span> <span class='ocrx_word' id='word_1_95' title='bbox 903 1268 990 1327; x_wconf 90' lang='lat' dir='ltr'>aliud</span> <span class='ocrx_word' id='word_1_96' title='bbox 1022 1270 1173 1346; x_wconf 84' lang='lat' dir='ltr'>quoddam</span> 
     </span>
     <span class='ocr_line' id='line_1_13' title="bbox 115 1365 1174 1444; baseline 0.003 -21"><span class='ocrx_word' id='word_1_97' title='bbox 115 1401 116 1404; x_wconf 59' lang='lat'><em>=</em></span> <span class='ocrx_word' id='word_1_98' title='bbox 156 1365 332 1425; x_wconf 80' lang='lat' dir='ltr'>ioculariter</span> <span class='ocrx_word' id='word_1_99' title='bbox 359 1367 551 1444; x_wconf 89' lang='lat' dir='ltr'>suppositum</span> <span class='ocrx_word' id='word_1_100' title='bbox 578 1386 633 1444; x_wconf 88' lang='lat' dir='ltr'>per</span> <span class='ocrx_word' id='word_1_101' title='bbox 656 1385 687 1426; x_wconf 92' lang='lat' dir='ltr'>se</span> <span class='ocrx_word' id='word_1_102' title='bbox 710 1370 809 1444; x_wconf 83' lang='lat' dir='ltr'>patet3</span> <span class='ocrx_word' id='word_1_103' title='bbox 838 1367 891 1426; x_wconf 89' lang='lat' dir='ltr'>sed</span> <span class='ocrx_word' id='word_1_104' title='bbox 913 1367 944 1425; x_wconf 90' lang='lat' dir='ltr'>id</span> <span class='ocrx_word' id='word_1_105' title='bbox 968 1367 1060 1444; x_wconf 87' lang='lat' dir='ltr'>quale</span> <span class='ocrx_word' id='word_1_106' title='bbox 1083 1367 1174 1426; x_wconf 82' lang='lat' dir='ltr'>fuerit</span> 
     </span>
     <span class='ocr_line' id='line_1_14' title="bbox 158 1464 1173 1542; baseline 0.002 -20"><span class='ocrx_word' id='word_1_107' title='bbox 158 1464 262 1524; x_wconf 88' lang='lat' dir='ltr'>statim</span> <span class='ocrx_word' id='word_1_108' title='bbox 285 1464 457 1542; x_wconf 85' lang='lat' dir='ltr'>apparebit,</span> <span class='ocrx_word' id='word_1_109' title='bbox 481 1465 507 1524; x_wconf 90' lang='lat' dir='ltr'>si</span> <span class='ocrx_word' id='word_1_110' title='bbox 525 1464 719 1524; x_wconf 79' lang='lat' dir='ltr'>Homericum</span> <span class='ocrx_word' id='word_1_111' title='bbox 742 1466 843 1524; x_wconf 91' lang='lat' dir='ltr'>looum</span> <span class='ocrx_word' id='word_1_112' title='bbox 867 1465 1016 1524; x_wconf 84' lang='lat' dir='ltr'>deflexum</span> <span class='ocrx_word' id='word_1_113' title='bbox 1040 1465 1173 1541; x_wconf 82' lang='lat' dir='ltr'>inspexe</span> 
     </span>
     <span class='ocr_line' id='line_1_15' title="bbox 156 1561 1173 1623; baseline 0.001 -3"><span class='ocrx_word' id='word_1_114' title='bbox 156 1561 207 1622; x_wconf 86' lang='lat' dir='ltr'>ris.</span> <span class='ocrx_word' id='word_1_115' title='bbox 254 1579 352 1622; x_wconf 86' lang='lat' dir='ltr'>sermo·</span> <span class='ocrx_word' id='word_1_116' title='bbox 384 1563 463 1622; x_wconf 92' lang='lat' dir='ltr'>enim</span> <span class='ocrx_word' id='word_1_117' title='bbox 497 1566 543 1622; x_wconf 88' lang='lat' dir='ltr'>est</span> <span class='ocrx_word' id='word_1_118' title='bbox 572 1563 603 1620; x_wconf 89' lang='lat' dir='ltr'>in</span> <span class='ocrx_word' id='word_1_119' title='bbox 636 1561 697 1622; x_wconf 89' lang='lat' dir='ltr'>illis</span> <span class='ocrx_word' id='word_1_120' title='bbox 725 1562 863 1623; x_wconf 84' lang='lat' dir='ltr'>versibus</span> <span class='ocrx_word' id='word_1_121' title='bbox 891 1562 927 1621; x_wconf 88' lang='lat' dir='ltr'>de</span> <span class='ocrx_word' id='word_1_122' title='bbox 955 1562 1004 1621; x_wconf 87' lang='lat' dir='ltr'>Iro</span> <span class='ocrx_word' id='word_1_123' title='bbox 1038 1563 1173 1622; x_wconf 79' lang='lat' dir='ltr'>mendico</span> 
     </span>
     <span class='ocr_line' id='line_1_16' title="bbox 157 1652 1172 1740; baseline 0.001 -22"><span class='ocrx_word' id='word_1_124' title='bbox 157 1659 427 1737; x_wconf 79' lang='lat' dir='ltr'>impudentissimo,</span> <span class='ocrx_word' id='word_1_125' title='bbox 448 1661 501 1738; x_wconf 88' lang='lat' dir='ltr'>qui</span> <span class='ocrx_word' id='word_1_126' title='bbox 520 1653 589 1737; x_wconf 81' lang='grc' dir='ltr'><em>μετὰ</em></span> <span class='ocrx_word' id='word_1_127' title='bbox 609 1653 637 1718; x_wconf 81' lang='grc' dir='ltr'>δ’</span> <span class='ocrx_word' id='word_1_128' title='bbox 659 1657 765 1738; x_wconf 74' lang='grc' dir='ltr'><strong><em>ἔπρεπε</em></strong></span> <span class='ocrx_word' id='word_1_129' title='bbox 783 1656 925 1740; x_wconf 80' lang='grc' dir='ltr'><strong><em>γαστέρι</em></strong></span> <span class='ocrx_word' id='word_1_130' title='bbox 943 1652 1061 1740; x_wconf 75' lang='grc' dir='ltr'><em>μάργῃ</em></span> <span class='ocrx_word' id='word_1_131' title='bbox 1083 1655 1087 1738; x_wconf 92' lang='grc' dir='ltr'>Ι</span> <span class='ocrx_word' id='word_1_132' title='bbox 1109 1653 1172 1736; x_wconf 79' lang='grc' dir='ltr'><em>ἄζη-</em></span> 
     </span>
     <span class='ocr_line' id='line_1_17' title="bbox 158 1744 1175 1838; baseline -0.001 -22"><span class='ocrx_word' id='word_1_133' title='bbox 158 1752 205 1835; x_wconf 80' lang='grc' dir='ltr'>χὲς</span> <span class='ocrx_word' id='word_1_134' title='bbox 220 1754 350 1837; x_wconf 77' lang='grc' dir='ltr'>φαγέμεν</span> <span class='ocrx_word' id='word_1_135' title='bbox 363 1754 414 1818; x_wconf 75' lang='grc' dir='ltr'>καὶ</span> <span class='ocrx_word' id='word_1_136' title='bbox 428 1755 530 1836; x_wconf 77' lang='grc' dir='ltr'><strong><em>πιέμεν</em></strong></span> <span class='ocrx_word' id='word_1_137' title='bbox 545 1748 578 1838; x_wconf 80' lang='grc' dir='ltr'>(ο</span> <span class='ocrx_word' id='word_1_138' title='bbox 593 1759 621 1816; x_wconf 82' lang='grc'>2.</span> <span class='ocrx_word' id='word_1_139' title='bbox 638 1749 682 1838; x_wconf 83' lang='lat'>3),</span> <span class='ocrx_word' id='word_1_140' title='bbox 702 1756 755 1833; x_wconf 89' lang='lat' dir='ltr'>qui</span> <span class='ocrx_word' id='word_1_141' title='bbox 774 1749 852 1828; x_wconf 79' lang='grc' dir='ltr'><strong><em>εἶδος</em></strong></span> <span class='ocrx_word' id='word_1_142' title='bbox 868 1752 900 1815; x_wconf 81' lang='grc' dir='ltr'>δὲ</span> <span class='ocrx_word' id='word_1_143' title='bbox 915 1749 992 1834; x_wconf 71' lang='grc' dir='ltr'>μάλα</span> <span class='ocrx_word' id='word_1_144' title='bbox 1011 1753 1124 1836; x_wconf 78' lang='grc' dir='ltr'><em>μέγας</em></span> <span class='ocrx_word' id='word_1_145' title='bbox 1138 1744 1175 1834; x_wconf 75' lang='grc' dir='ltr'>ἦν</span> 
     </span>
     <span class='ocr_line' id='line_1_18' title="bbox 158 1846 1175 1937; baseline 0 -23"><span class='ocrx_word' id='word_1_146' title='bbox 158 1847 306 1932; x_wconf 79' lang='grc' dir='ltr'><strong><em>ὁράασθαι</em></strong></span> <span class='ocrx_word' id='word_1_147' title='bbox 326 1846 387 1937; x_wconf 79' lang='lat'>(4),</span> <span class='ocrx_word' id='word_1_148' title='bbox 411 1856 460 1915; x_wconf 84' lang='lat' dir='ltr'>oui</span> <span class='ocrx_word' id='word_1_149' title='bbox 482 1859 581 1914; x_wconf 84' lang='lat' dir='ltr'>mater</span> <span class='ocrx_word' id='word_1_150' title='bbox 598 1872 707 1913; x_wconf 90' lang='lat' dir='ltr'>nomen</span> <span class='ocrx_word' id='word_1_151' title='bbox 722 1847 860 1930; x_wconf 75' lang='grc' dir='ltr'><strong><em>Ἀρναῖος</em></strong></span> <span class='ocrx_word' id='word_1_152' title='bbox 878 1853 1010 1914; x_wconf 85' lang='lat' dir='ltr'>dederat.</span> <span class='ocrx_word' id='word_1_153' title='bbox 1041 1847 1175 1931; x_wconf 80' lang='grc' dir='ltr'><strong><em>Ἀρναῖος</em></strong></span> 
     </span>
     <span class='ocr_line' id='line_1_19' title="bbox 157 1951 1175 2031; baseline -0.001 -21"><span class='ocrx_word' id='word_1_154' title='bbox 157 1953 254 2031; x_wconf 85' lang='lat' dir='ltr'>igitur</span> <span class='ocrx_word' id='word_1_155' title='bbox 267 1953 345 2012; x_wconf 88' lang='lat' dir='ltr'>alter</span> <span class='ocrx_word' id='word_1_156' title='bbox 364 1953 485 2030; x_wconf 89' lang='lat' dir='ltr'>qualem</span> <span class='ocrx_word' id='word_1_157' title='bbox 505 1953 641 2030; x_wconf 83' lang='lat' dir='ltr'>depinxit</span> <span class='ocrx_word' id='word_1_158' title='bbox 657 1951 861 2028; x_wconf 88' lang='lat' dir='ltr'>sillographus</span> <span class='ocrx_word' id='word_1_159' title='bbox 875 1951 997 2012; x_wconf 84' lang='lat' dir='ltr'>videtur</span> <span class='ocrx_word' id='word_1_160' title='bbox 1010 1951 1175 2012; x_wconf 85' lang='lat' dir='ltr'>Laurentio</span> 
     </span>
     <span class='ocr_line' id='line_1_20' title="bbox 159 2048 1175 2128; baseline -0.002 -20"><span class='ocrx_word' id='word_1_161' title='bbox 159 2048 325 2126; x_wconf 84' lang='lat' dir='ltr'>Oynulous3</span> <span class='ocrx_word' id='word_1_162' title='bbox 358 2051 445 2111; x_wconf 89' lang='lat' dir='ltr'>ouius</span> <span class='ocrx_word' id='word_1_163' title='bbox 476 2050 681 2128; x_wconf 89' lang='lat' dir='ltr'>ignorantiam</span> <span class='ocrx_word' id='word_1_164' title='bbox 714 2049 863 2125; x_wconf 92' lang='lat' dir='ltr'>quomodo</span> <span class='ocrx_word' id='word_1_165' title='bbox 892 2050 983 2108; x_wconf 90' lang='lat' dir='ltr'>simul</span> <span class='ocrx_word' id='word_1_166' title='bbox 1010 2049 1175 2128; x_wconf 83' lang='lat' dir='ltr'>pupugerit</span> 
     </span>
     <span class='ocr_line' id='line_1_21' title="bbox 158 2140 1176 2226; baseline 0 -22"><span class='ocrx_word' id='word_1_167' title='bbox 158 2145 280 2223; x_wconf 86' lang='lat' dir='ltr'>latebit,</span> <span class='ocrx_word' id='word_1_168' title='bbox 308 2147 368 2206; x_wconf 87' lang='lat' dir='ltr'>nisi</span> <span class='ocrx_word' id='word_1_169' title='bbox 395 2148 539 2208; x_wconf 85' lang='lat' dir='ltr'>statueris</span> <span class='ocrx_word' id='word_1_170' title='bbox 559 2140 695 2226; x_wconf 87' lang='grc' dir='ltr'><strong><em>Ἀρναῑος</em></strong></span> <span class='ocrx_word' id='word_1_171' title='bbox 717 2164 839 2223; x_wconf 86' lang='lat' dir='ltr'>nomen,</span> <span class='ocrx_word' id='word_1_172' title='bbox 871 2146 952 2222; x_wconf 90' lang='lat' dir='ltr'>quod</span> <span class='ocrx_word' id='word_1_173' title='bbox 979 2147 1029 2207; x_wconf 91' lang='grc'>111</span> <span class='ocrx_word' id='word_1_174' title='bbox 1058 2145 1176 2223; x_wconf 86' lang='lat' dir='ltr'>antiqui</span> 
     </span>
     <span class='ocr_line' id='line_1_22' title="bbox 158 2235 1175 2326; baseline -0.002 -22"><span class='ocrx_word' id='word_1_175' title='bbox 158 2245 350 2322; x_wconf 81' lang='lat' dir='ltr'>grammatici</span> <span class='ocrx_word' id='word_1_176' title='bbox 364 2236 410 2326; x_wconf 89' lang='lat' dir='ltr'>(in</span> <span class='ocrx_word' id='word_1_177' title='bbox 426 2245 517 2306; x_wconf 89' lang='lat' dir='ltr'>sohol.</span> <span class='ocrx_word' id='word_1_178' title='bbox 528 2244 634 2323; x_wconf 87' lang='lat' dir='ltr'>Odyss.</span> <span class='ocrx_word' id='word_1_179' title='bbox 648 2245 668 2302; x_wconf 93' lang='lat' dir='ltr'>l.</span> <span class='ocrx_word' id='word_1_180' title='bbox 684 2261 705 2302; x_wconf 91' lang='lat' dir='ltr'>s.</span> <span class='ocrx_word' id='word_1_181' title='bbox 721 2247 752 2302; x_wconf 89' lang='lat' dir='ltr'>et</span> <span class='ocrx_word' id='word_1_182' title='bbox 765 2243 866 2320; x_wconf 83' lang='lat' dir='ltr'>Etym.</span> <span class='ocrx_word' id='word_1_183' title='bbox 876 2244 977 2321; x_wconf 86' lang='lat' dir='ltr'>Magn.</span> <span class='ocrx_word' id='word_1_184' title='bbox 991 2264 1020 2320; x_wconf 88' lang='lat' dir='ltr'>p.</span> <span class='ocrx_word' id='word_1_185' title='bbox 1033 2246 1110 2322; x_wconf 80' lang='lat'>144,</span> <span class='ocrx_word' id='word_1_186' title='bbox 1123 2235 1175 2322; x_wconf 75' lang='lat'>17)</span> 
     </span>
     <span class='ocr_line' id='line_1_23' title="bbox 159 2329 1175 2421; baseline 0 -20"><span class='ocrx_word' id='word_1_187' title='bbox 159 2343 337 2404; x_wconf 81' lang='lat' dir='ltr'>derivarunt</span> <span class='ocrx_word' id='word_1_188' title='bbox 363 2337 423 2404; x_wconf 77' lang='grc' dir='ltr'>ἀπὸ</span> <span class='ocrx_word' id='word_1_189' title='bbox 453 2346 512 2403; x_wconf 78' lang='grc' dir='ltr'>τῶν</span> <span class='ocrx_word' id='word_1_190' title='bbox 538 2337 654 2421; x_wconf 79' lang='grc' dir='ltr'><strong><em>ἀρνῶν,</em></strong></span> <span class='ocrx_word' id='word_1_191' title='bbox 682 2333 721 2400; x_wconf 73' lang='grc' dir='ltr'>ἵν’</span> <span class='ocrx_word' id='word_1_192' title='bbox 751 2329 771 2421; x_wconf 70' lang='grc' dir='ltr'>γ’]</span> <span class='ocrx_word' id='word_1_193' title='bbox 795 2334 950 2418; x_wconf 77' lang='grc' dir='ltr'><strong><em>βληχῶὃης</em></strong></span> <span class='ocrx_word' id='word_1_194' title='bbox 976 2338 1028 2400; x_wconf 79' lang='grc' dir='ltr'>καὶ</span> <span class='ocrx_word' id='word_1_195' title='bbox 1049 2335 1175 2418; x_wconf 72' lang='grc' dir='ltr'><strong><em>ἠλίθιος,</em></strong></span> 
     </span>
     <span class='ocr_line' id='line_1_24' title="bbox 160 2438 1175 2516; baseline -0.003 -17"><span class='ocrx_word' id='word_1_196' title='bbox 160 2441 317 2500; x_wconf 84' lang='lat' dir='ltr'>Timonem</span> <span class='ocrx_word' id='word_1_197' title='bbox 339 2446 395 2501; x_wconf 89' lang='lat' dir='ltr'>aut</span> <span class='ocrx_word' id='word_1_198' title='bbox 417 2441 558 2502; x_wconf 87' lang='lat' dir='ltr'>similiter</span> <span class='ocrx_word' id='word_1_199' title='bbox 579 2440 728 2516; x_wconf 89' lang='lat' dir='ltr'>aooepisse</span> <span class='ocrx_word' id='word_1_200' title='bbox 749 2440 779 2497; x_wconf 89' lang='lat' dir='ltr'>et</span> <span class='ocrx_word' id='word_1_201' title='bbox 799 2438 937 2515; x_wconf 88' lang='lat' dir='ltr'>apposito</span> <span class='ocrx_word' id='word_1_202' title='bbox 959 2438 1093 2514; x_wconf 87' lang='lat' dir='ltr'>quodam</span> <span class='ocrx_word' id='word_1_203' title='bbox 1117 2439 1175 2516; x_wconf 92' lang='lat' dir='ltr'>epi-</span> 
     </span>
    </p>
   </div>
   <div class='ocr_carea' id='block_1_3' title="bbox 32 2527 1175 2615">
    <p class='ocr_par' dir='ltr' id='par_1_3' title="bbox 32 2527 1175 2615">
     <span class='ocr_line' id='line_1_25' title="bbox 32 2527 1175 2615; baseline -0.002 -18"><span class='ocrx_word' id='word_1_204' title='bbox 32 2533 37 2538; x_wconf 68' lang='grc'><strong>’</strong></span> <span class='ocrx_word' id='word_1_205' title='bbox 159 2539 244 2598; x_wconf 89' lang='lat' dir='ltr'>theto</span> <span class='ocrx_word' id='word_1_206' title='bbox 276 2527 449 2597; x_wconf 86' lang='lat' dir='ltr'>aoouratius</span> <span class='ocrx_word' id='word_1_207' title='bbox 482 2538 657 2613; x_wconf 81' lang='lat' dir='ltr'>explanasse</span> <span class='ocrx_word' id='word_1_208' title='bbox 691 2539 746 2594; x_wconf 89' lang='lat' dir='ltr'>aut</span> <span class='ocrx_word' id='word_1_209' title='bbox 774 2535 806 2593; x_wconf 93' lang='lat' dir='ltr'>in</span> <span class='ocrx_word' id='word_1_210' title='bbox 833 2527 950 2614; x_wconf 81' lang='grc' dir='ltr'><strong><em>ἆρνειός</em></strong></span> <span class='ocrx_word' id='word_1_211' title='bbox 978 2527 1012 2615; x_wconf 82' lang='grc'>(1.</span> <span class='ocrx_word' id='word_1_212' title='bbox 1037 2555 1061 2595; x_wconf 84' lang='grc'>1.</span> <span class='ocrx_word' id='word_1_213' title='bbox 1087 2527 1175 2615; x_wconf 82' lang='lat' dir='ltr'>ories)</span> 
     </span>
    </p>
   </div>
   <div class='ocr_carea' id='block_1_4' title="bbox 143 2632 1177 3594">
    <p class='ocr_par' dir='ltr' id='par_1_4' title="bbox 143 2632 1177 3594">
     <span class='ocr_line' id='line_1_26' title="bbox 160 2632 1174 2710; baseline -0.002 -18"><span class='ocrx_word' id='word_1_214' title='bbox 160 2633 322 2692; x_wconf 80' lang='lat' dir='ltr'>deflexisse.</span> <span class='ocrx_word' id='word_1_215' title='bbox 369 2635 411 2693; x_wconf 86' lang='lat' dir='ltr'>sio</span> <span class='ocrx_word' id='word_1_216' title='bbox 440 2634 563 2694; x_wconf 90' lang='lat' dir='ltr'>tandem</span> <span class='ocrx_word' id='word_1_217' title='bbox 594 2634 626 2693; x_wconf 92' lang='lat' dir='ltr'>id</span> <span class='ocrx_word' id='word_1_218' title='bbox 659 2651 780 2710; x_wconf 88' lang='lat' dir='ltr'>quoque</span> <span class='ocrx_word' id='word_1_219' title='bbox 811 2632 983 2710; x_wconf 79' lang='lat' dir='ltr'>intelleges,</span> <span class='ocrx_word' id='word_1_220' title='bbox 1017 2633 1094 2710; x_wconf 81' lang='lat' dir='ltr'>quid</span> <span class='ocrx_word' id='word_1_221' title='bbox 1121 2632 1174 2693; x_wconf 89' lang='lat' dir='ltr'>sibi</span> 
     </span>
     <span class='ocr_line' id='line_1_27' title="bbox 160 2721 1175 2810; baseline -0.004 -19"><span class='ocrx_word' id='word_1_222' title='bbox 160 2730 257 2791; x_wconf 88' lang='grc'><strong>111111</strong></span> <span class='ocrx_word' id='word_1_223' title='bbox 287 2730 380 2791; x_wconf 83' lang='lat' dir='ltr'>verba</span> <span class='ocrx_word' id='word_1_224' title='bbox 411 2731 573 2791; x_wconf 79' lang='lat' dir='ltr'>Homerica</span> <span class='ocrx_word' id='word_1_225' title='bbox 606 2721 695 2802; x_wconf 82' lang='grc' dir='ltr'><strong><em>καλός</em></strong></span> <span class='ocrx_word' id='word_1_226' title='bbox 722 2751 753 2790; x_wconf 81' lang='grc' dir='ltr'>τε</span> <span class='ocrx_word' id='word_1_227' title='bbox 780 2727 869 2810; x_wconf 76' lang='grc' dir='ltr'>μέγας</span> <span class='ocrx_word' id='word_1_228' title='bbox 895 2750 925 2788; x_wconf 87' lang='grc' dir='ltr'>τε</span> <span class='ocrx_word' id='word_1_229' title='bbox 957 2734 1108 2807; x_wconf 87' lang='lat' dir='ltr'>usurpata</span> <span class='ocrx_word' id='word_1_230' title='bbox 1140 2729 1175 2788; x_wconf 87' lang='lat' dir='ltr'>ad</span> 
     </span>
     <span class='ocr_line' id='line_1_28' title="bbox 160 2827 1174 2907; baseline -0.001 -20"><span class='ocrx_word' id='word_1_231' title='bbox 160 2828 329 2890; x_wconf 89' lang='lat' dir='ltr'>notandum</span> <span class='ocrx_word' id='word_1_232' title='bbox 351 2830 476 2889; x_wconf 89' lang='lat' dir='ltr'>arietem</span> <span class='ocrx_word' id='word_1_233' title='bbox 494 2829 526 2886; x_wconf 90' lang='lat' dir='ltr'>in</span> <span class='ocrx_word' id='word_1_234' title='bbox 545 2847 600 2888; x_wconf 89' lang='lat' dir='ltr'>suo</span> <span class='ocrx_word' id='word_1_235' title='bbox 620 2846 728 2907; x_wconf 89' lang='lat' dir='ltr'>genere</span> <span class='ocrx_word' id='word_1_236' title='bbox 752 2827 920 2904; x_wconf 86' lang='lat' dir='ltr'>perfeetum</span> <span class='ocrx_word' id='word_1_237' title='bbox 942 2832 974 2886; x_wconf 89' lang='lat' dir='ltr'>et</span> <span class='ocrx_word' id='word_1_238' title='bbox 991 2827 1174 2902; x_wconf 84' lang='lat' dir='ltr'>absolutum,</span> 
     </span>
     <span class='ocr_line' id='line_1_29' title="bbox 160 2917 1176 3007; baseline -0.004 -19"><span class='ocrx_word' id='word_1_239' title='bbox 160 2928 246 2988; x_wconf 88' lang='lat' dir='ltr'>velut</span> <span class='ocrx_word' id='word_1_240' title='bbox 276 2927 353 2988; x_wconf 88' lang='lat' dir='ltr'>dixit</span> <span class='ocrx_word' id='word_1_241' title='bbox 376 2927 514 3005; x_wconf 85' lang='lat' dir='ltr'>Sophron</span> <span class='ocrx_word' id='word_1_242' title='bbox 544 2918 594 3007; x_wconf 84' lang='lat' dir='ltr'>(fr.</span> <span class='ocrx_word' id='word_1_243' title='bbox 619 2928 660 2986; x_wconf 89' lang='grc'>96</span> <span class='ocrx_word' id='word_1_244' title='bbox 685 2917 773 3006; x_wconf 84' lang='grc' dir='ltr'><strong>Α111.)</strong></span> <span class='ocrx_word' id='word_1_245' title='bbox 804 2919 956 3004; x_wconf 75' lang='grc' dir='ltr'><strong><em>προβάτου</em></strong></span> <span class='ocrx_word' id='word_1_246' title='bbox 984 2919 1176 3005; x_wconf 74' lang='grc' dir='ltr'><strong><em>προβᾶτερον,</em></strong></span> 
     </span>
     <span class='ocr_line' id='line_1_30' title="bbox 161 3017 1175 3107; baseline -0.005 -21"><span class='ocrx_word' id='word_1_247' title='bbox 161 3019 223 3097; x_wconf 85' lang='grc' dir='ltr'><strong><em>ὄϊὸς</em></strong></span> <span class='ocrx_word' id='word_1_248' title='bbox 246 3018 377 3104; x_wconf 80' lang='grc' dir='ltr'><strong><em>ὀϊότερον</em></strong></span> <span class='ocrx_word' id='word_1_249' title='bbox 403 3017 467 3107; x_wconf 88' lang='grc'><strong>(111</strong></span> <span class='ocrx_word' id='word_1_250' title='bbox 490 3028 527 3083; x_wconf 87' lang='grc'>11</span> <span class='ocrx_word' id='word_1_251' title='bbox 549 3022 653 3083; x_wconf 82' lang='lat' dir='ltr'>Cicero</span> <span class='ocrx_word' id='word_1_252' title='bbox 678 3017 871 3101; x_wconf 71' lang='lat' dir='ltr'>‘germanum</span> <span class='ocrx_word' id='word_1_253' title='bbox 894 3017 1029 3082; x_wconf 89' lang='lat' dir='ltr'>asinum&#39;</span> <span class='ocrx_word' id='word_1_254' title='bbox 1058 3042 1092 3082; x_wconf 90' lang='lat' dir='ltr'>se</span> <span class='ocrx_word' id='word_1_255' title='bbox 1115 3023 1175 3100; x_wconf 89' lang='lat' dir='ltr'>ipse</span> 
     </span>
     <span class='ocr_line' id='line_1_31' title="bbox 160 3115 1176 3204; baseline -0.004 -22"><span class='ocrx_word' id='word_1_256' title='bbox 160 3115 311 3204; x_wconf 81' lang='lat' dir='ltr'>vocavit);</span> <span class='ocrx_word' id='word_1_257' title='bbox 339 3123 455 3183; x_wconf 89' lang='lat' dir='ltr'>aooedit</span> <span class='ocrx_word' id='word_1_258' title='bbox 477 3140 549 3181; x_wconf 87' lang='lat' dir='ltr'>sane</span> <span class='ocrx_word' id='word_1_259' title='bbox 572 3120 654 3198; x_wconf 93' lang='lat' dir='ltr'>quod</span> <span class='ocrx_word' id='word_1_260' title='bbox 676 3121 795 3198; x_wconf 90' lang='lat' dir='ltr'>etipse</span> <span class='ocrx_word' id='word_1_261' title='bbox 818 3120 956 3179; x_wconf 79' lang='lat' dir='ltr'>Annaeus</span> <span class='ocrx_word' id='word_1_262' title='bbox 979 3139 1092 3199; x_wconf 86' lang='lat' dir='ltr'>magno</span> <span class='ocrx_word' id='word_1_263' title='bbox 1116 3140 1176 3181; x_wconf 91' lang='lat' dir='ltr'>oor-</span> 
     </span>
     <span class='ocr_line' id='line_1_32' title="bbox 160 3217 1176 3296; baseline -0.003 -18"><span class='ocrx_word' id='word_1_264' title='bbox 160 3238 233 3295; x_wconf 92' lang='lat' dir='ltr'>pore</span> <span class='ocrx_word' id='word_1_265' title='bbox 256 3219 350 3278; x_wconf 85' lang='lat' dir='ltr'>fuisse</span> <span class='ocrx_word' id='word_1_266' title='bbox 373 3220 411 3278; x_wconf 90' lang='lat' dir='ltr'>ab</span> <span class='ocrx_word' id='word_1_267' title='bbox 424 3219 557 3279; x_wconf 91' lang='lat' dir='ltr'>Homero</span> <span class='ocrx_word' id='word_1_268' title='bbox 580 3217 764 3296; x_wconf 89' lang='lat' dir='ltr'>perhibetur.</span> <span class='ocrx_word' id='word_1_269' title='bbox 797 3219 871 3277; x_wconf 84' lang='lat' dir='ltr'>haee</span> <span class='ocrx_word' id='word_1_270' title='bbox 891 3218 992 3277; x_wconf 90' lang='lat' dir='ltr'>omnia</span> <span class='ocrx_word' id='word_1_271' title='bbox 1010 3219 1087 3277; x_wconf 87' lang='lat' dir='ltr'>mihi</span> <span class='ocrx_word' id='word_1_272' title='bbox 1106 3219 1176 3278; x_wconf 86' lang='lat' dir='ltr'>satis</span> 
     </span>
     <span class='ocr_line' id='line_1_33' title="bbox 161 3315 1176 3394; baseline -0.001 -20"><span class='ocrx_word' id='word_1_273' title='bbox 161 3319 244 3375; x_wconf 83' lang='grc'><strong>11111</strong></span> <span class='ocrx_word' id='word_1_274' title='bbox 258 3315 408 3376; x_wconf 86' lang='lat' dir='ltr'>videntur.</span> <span class='ocrx_word' id='word_1_275' title='bbox 442 3317 628 3378; x_wconf 83' lang='lat' dir='ltr'>dubitaveris</span> <span class='ocrx_word' id='word_1_276' title='bbox 647 3319 758 3393; x_wconf 82' lang='lat' dir='ltr'>tamen,</span> <span class='ocrx_word' id='word_1_277' title='bbox 777 3316 926 3394; x_wconf 91' lang='lat' dir='ltr'>quomodo</span> <span class='ocrx_word' id='word_1_278' title='bbox 945 3315 1028 3393; x_wconf 84' lang='lat' dir='ltr'>ipsos</span> <span class='ocrx_word' id='word_1_279' title='bbox 1043 3316 1176 3376; x_wconf 80' lang='lat' dir='ltr'>Timonis</span> 
     </span>
     <span class='ocr_line' id='line_1_34' title="bbox 162 3411 1177 3491; baseline -0.003 -18"><span class='ocrx_word' id='word_1_280' title='bbox 162 3429 266 3473; x_wconf 76' lang='lat' dir='ltr'>versus</span> <span class='ocrx_word' id='word_1_281' title='bbox 296 3415 325 3473; x_wconf 91' lang='lat' dir='ltr'>et</span> <span class='ocrx_word' id='word_1_282' title='bbox 347 3411 497 3472; x_wconf 87' lang='lat' dir='ltr'>Athenaei</span> <span class='ocrx_word' id='word_1_283' title='bbox 524 3414 617 3474; x_wconf 77' lang='lat' dir='ltr'>verba</span> <span class='ocrx_word' id='word_1_284' title='bbox 644 3414 803 3491; x_wconf 61' lang='lat' dir='ltr'>restituam</span> <span class='ocrx_word' id='word_1_285' title='bbox 831 3413 1000 3490; x_wconf 85' lang='lat' dir='ltr'>compluria</span> <span class='ocrx_word' id='word_1_286' title='bbox 1028 3415 1109 3474; x_wconf 89' lang='lat' dir='ltr'>enim</span> <span class='ocrx_word' id='word_1_287' title='bbox 1132 3431 1177 3471; x_wconf 85' lang='grc'>11-</span> 
     </span>
     <span class='ocr_line' id='line_1_35' title="bbox 143 3511 938 3594; baseline -0.009 -19"><span class='ocrx_word' id='word_1_288' title='bbox 143 3511 282 3589; x_wconf 78' lang='lat' dir='ltr'>eogitari</span> <span class='ocrx_word' id='word_1_289' title='bbox 304 3517 451 3594; x_wconf 86' lang='lat' dir='ltr'>possunt.</span> <span class='ocrx_word' id='word_1_290' title='bbox 491 3513 626 3592; x_wconf 86' lang='lat' dir='ltr'>exempli</span> <span class='ocrx_word' id='word_1_291' title='bbox 645 3513 743 3574; x_wconf 84' lang='lat' dir='ltr'>instar</span> <span class='ocrx_word' id='word_1_292' title='bbox 761 3511 830 3569; x_wconf 75' lang='lat' dir='ltr'>lusi</span> <span class='ocrx_word' id='word_1_293' title='bbox 843 3511 938 3568; x_wconf 69' lang='lat' dir='ltr'>haee.</span> 
     </span>
    </p>
   </div>
   <div class='ocr_carea' id='block_1_5' title="bbox 0 0 1241 3840">
    <p class='ocr_par' dir='ltr' id='par_1_5' title="bbox 0 0 1241 3840">
     <span class='ocr_line' id='line_1_36' title="bbox 0 0 1241 3840; baseline 0 0"><span class='ocrx_word' id='word_1_294' title='bbox 0 0 1241 3840; x_wconf 95' lang='lat' dir='ltr'> </span> 
     </span>
    </p>
   </div>
  </div>
 </body>
</html>
