2454 3840
74 187 415 230 nmmxvmxxxxvm
460 199 501 210 ·-
549 162 614 226 163
663 197 700 207 —

74 326 124 389 καὶ
152 323 281 408 ἄκρατον
309 323 341 386 ἐν
368 323 553 406 μεμιγμένοις
580 327 652 385 πᾶσι
679 328 740 397 τοῖς
770 319 869 397 ἄλλοις
891 317 1089 402 ἀποκρίνοντα

73 421 125 500 τὰς
154 418 362 505 ὁμοιομερείας.
414 425 521 502 opinor
548 442 619 485 vero
646 427 769 500 poetam
797 425 935 484 consulto
957 423 1091 482 similem

73 523 307 602 ambiguitatem
328 522 428 584 verbis
451 521 591 584 intulisse
610 539 679 580 oum
697 521 761 583 sive
784 520 922 581 adhibita
940 521 1040 598 ellipsi
1058 521 1090 579 in

73 622 184 699 copula
215 612 292 680 εἶναι
323 620 569 698 frequentissima
601 618 745 679 scriberet
774 612 817 680 ‘on
845 611 883 696 δὴ
911 611 982 692 νόος
1009 611 1089 702 αὐτῷ

73 719 136 781 sive
155 736 260 779 revera
278 711 322 778 ὅτι
341 711 379 795 δὴ
398 705 438 796 ἦν
456 710 527 789 νόος
544 709 633 801 αὐτῷ,
656 716 845 776 ut‘dubitari
863 720 967 794 posset
984 719 1089 776 utrum

73 817 138 876 eius
166 817 262 894 ipsius
289 817 422 874 mentem
449 832 488 873 an
515 817 648 874 mentem
675 813 828 874 infinitam
855 813 969 873 diceret
995 818 1026 873 et
1048 815 1090 872 fe-

72 915 151 976 stive
174 911 360 992 significaret
377 912 576 991 Anaxagorae
598 912 694 989 ipsius
713 915 846 972 mentem
863 912 1012 971 mundum
1031 911 1090 972 dis-

64 1011 218 1090 posuisse.
250 1029 321 1068 nam
340 1010 472 1087 soeptioo
491 1012 558 1070 tota
575 1010 630 1068 illa
649 1028 710 1088 qua
728 1009 872 1070 inclaruit
890 1009 1088 1086 philosophus

72 1109 210 1190 doctrina
232 1108 309 1166 nihil
336 1107 396 1167 nisi
422 1126 536 1168 vanum
563 1111 765 1167 commentum
787 1107 922 1185 videon
950 1108 1088 1167 consulto

72 1207 166 1267 etiam
193 1206 260 1284 ipsa
286 1206 380 1267 verba
406 1205 566 1266 notissima
588 1205 787 1284 Anaxagorae
810 1199 906 1264 πάντα
929 1196 1005 1282 ὁμοῦ
1028 1221 1088 1264 ser-

72 1289 154 1384 vata,
176 1304 296 1383 reliqua
318 1303 429 1364 leniter
450 1302 566 1362 deflexa
589 1306 620 1364 et
638 1304 747 1364 festive
765 1303 861 1363 irrisa.
880 1335 917 1344 -
935 1303 1090 1382 egregiam

71 1421 143 1464 vero
177 1401 358 1480 scripturam
390 1397 539 1480 ἐπεγείρας
572 1400 680 1477 optimi
711 1400 784 1459 libri
816 1400 1026 1478 suppeditant:
1059 1400 1091 1459 id

72 1501 153 1560 enim
175 1500 282 1577 procul
304 1499 396 1559 dubio
420 1498 615 1576 servandum,
644 1517 713 1558 oum
735 1498 935 1576 Anaxagorae
959 1501 1031 1570 νοῦς
1055 1518 1091 1558 ea

69 1616 150 1674 ¹quae
177 1597 324 1657 haetenus
351 1597 484 1655 iacerent
508 1595 612 1672 quieta
636 1598 667 1655 et
689 1595 816 1654 immota
838 1596 970 1672 primum
994 1596 1091 1673 agita-

72 1695 163 1756 verit:
183 1695 219 1752 of.
233 1693 434 1772 Anaxagorae
453 1691 660 1776 ipsiusverba
680 1683 729 1772 (fr.
747 1695 765 1751 8
787 1684 989 1774 Sohaubaoh.)
1009 1692 1091 1768 apud

73 1792 207 1867 Simplie.
231 1792 250 1849 l.
275 1809 296 1850 s.
319 1811 349 1866 p.
375 1791 453 1866 156,
478 1792 518 1848 22
547 1791 598 1867 τῆς
625 1782 837 1868 περιχωρήσιος
859 1791 911 1868 τῆς
935 1781 1100 1872 συμπάσηςι

72 1891 145 1960 νοῦς
169 1882 327 1966 ἐκράτησεν
346 1880 417 1947 ὥστε
435 1887 632 1966 περιχωρῆσαι
650 1879 704 1963 τὴν
723 1879 817 1965 ἀρχήν
835 1889 893 1945 κτλ.
913 1889 944 1946 et
962 1886 1089 1948 Aristot.

71 1985 158 2062 phys.
181 1984 258 2044 VHI
282 1987 308 2062 1γ
325 2005 353 2062 p.
378 1976 459 2044 250¹)
483 1986 525 2043 24
549 1980 623 2060 φησὶ
648 1976 704 2062 γὰρ
727 1980 838 2056 ἐκεῖνος
862 1975 1090 2065 (Ἀναξαγόρας)

73 2074 150 2161 ὁμοῦ
183 2075 303 2142 πάντων
335 2076 431 2142 ὄντων
457 2077 507 2140 καὶ
533 2073 724 2160 ἠρεμούντων
751 2075 803 2142 τὸν
830 2075 954 2160 ἄπειρον
983 2074 1092 2160 χρόνον

72 2178 190 2257 κίνησιν
214 2176 371 2258 ἐμποιῆσαι
393 2171 445 2238 τὸν
468 2179 543 2237 νοῦν
565 2174 615 2236 καὶ
639 2175 800 2258 ὃιαιιρῑναι;
832 2179 980 2256 Theophr.
1003 2179 1089 2256 phys.

73 2296 120 2354 op.
139 2277 174 2336 fr.
190 2279 210 2334 4
230 2297 258 2353 p.
273 2278 349 2355 479,
369 2279 386 2334 7
406 2275 500 2334 Diels.
518 2278 725 2352 —postremo
750 2278 887 2354 σφιμιοῦν
910 2280 957 2335 est
980 2277 1089 2354 ligare:

72 2373 141 2434 vide
172 2372 259 2433 Phot.
288 2394 315 2435 v,
345 2375 507 2450 σφηκῶσαι.
558 2367 590 2433 τὸ
621 2373 720 2451 δῆσαι·
754 2366 848 2445 οῦτιος
878 2364 1028 2452 Φρύνιχος
1061 2378 1093 2433 et

72 2471 201 2548 Hesyoh.
221 2491 248 2530 v.
268 2463 427 2549 σφήκωμ’
448 2518 499 2531 ...
519 2463 535 2531 ὁ
554 2464 674 2548 δεσμός;
693 2471 798 2550 itaque
818 2471 994 2548 σνσφηκοῦν
1008 2470 1090 2549 quod

72 2568 189 2646 alioqui
210 2587 271 2628 non
294 2569 408 2646 legitur
432 2571 478 2628 est
496 2567 664 2646 colligare:¹
676 2568 846 2647 colligando
865 2587 937 2630 vero
957 2587 1088 2646 eaquae

72 2669 180 2743 suapte
210 2669 322 2724 natura
349 2665 454 2726 affinia
482 2669 554 2750 eunt
582 2665 747 2726 seeundum
776 2668 991 2745 Anaxagoram
1019 2668 1091 2738 νοῦς

18 2817 19 2822 ,
72 2761 224 2840 disposuit
247 2755 427 2844 (διακοσμεῖ)
451 2763 597 2822 mundum
620 2763 720 2840 qualis
743 2785 823 2825 nuno
847 2769 901 2826 est.

318 3131 319 3134 ¹
369 3098 556 3158 XXXXVIII
580 3091 636 3179 (49
660 3090 795 3179 proeod.)

417 3212 462 3296 ὡς
484 3216 539 3282 καὶ
562 3217 732 3302 μετέπειτα
755 3218 927 3303 σοφιστῶν

117 3319 194 3390 οὔτε
217 3325 433 3414 λιννγλιύσσμ
460 3319 530 3390 οὔτ’
557 3319 691 3413 αἰσιιόπρι
716 3319 788 3390 οὔτ’
814 3321 980 3414 ἀννλίσσρο

117 3433 338 3520 Πρωταγόρῃ·
362 3435 484 3498 ἔθελον
504 3426 542 3497 δὲ
558 3430 685 3519 τέφρην
707 3432 946 3517 συγγράμματα
965 3437 1088 3513 θεῖναι,

118 3533 186 3603 ὅσοι
210 3535 311 3620 θεοὺς
334 3532 516 3626 κατέγραψ’
543 3533 612 3605 οὔτ’
640 3539 762 3604 εἰδέναι
787 3533 863 3604 οὔτε
887 3538 1055 3603 δύνασθαι

872 3643 926 3695 11*
