2452 3832
457 126 679 192 -45-

127 294 205 353 Duo
220 290 313 352 etiam
330 290 504 367 spectacula
518 288 706 351 viridissime
718 288 814 367 ipsius
827 289 1076 367 philosophorum

60 389 234 452 certaminis
256 386 398 466 cognosci
420 390 549 465 queunt,
571 390 739 466 nequeunt,
761 387 793 447 id
816 387 898 465 quod
915 388 1074 449 vehemen-

59 488 178 550 tissime
202 486 366 548 dolendum
388 488 448 562 est,
470 485 616 562 pernosci.
862 490 870 503 ⁸

128 585 265 645 Ρῑίωιιω
277 582 459 661 proponitur
471 581 685 642 Arcesilaus
698 600 808 660 parans
821 573 957 660 pugnem
970 585 1076 642 oontm

62 682 279 759 adversarium,
303 681 453 740 Zenonem
476 679 508 739 ni
526 678 618 740 fallor
640 671 723 761 (vide
742 697 847 740 comm.
861 680 901 739 ad
914 680 950 739 fr.
965 671 1077 759 XVH),

61 780 200 843 versibus
224 778 343 839 duobus
362 768 412 860 (ir.
429 769 530 860 XVI),
552 777 585 836 in
608 777 718 854 quihus
740 781 924 855 provocatur
946 777 985 836 ad
1003 775 1078 853 Pyr·

61 879 189 939 rhonem
212 880 244 936 st
264 875 432 937 Diodorum
455 874 565 952 quibus
588 875 641 934 ills
663 893 787 952 prorsus
809 872 954 953 indigeat.
986 877 1078 950 atque

63 975 194 1036 similem
221 973 402 1034 sententiam
428 971 529 1050 ipsum
551 971 742 1032 Arcesilaum
768 973 960 1050 eloquentem
985 970 1078 1047 paulo

62 1076 135 1151 post
152 1070 228 1132 facit
246 1070 353 1130 Timon
375 1060 535 1152 (imbutis
552 1061 645 1130 cirta
660 1072 744 1130 ποιεῖ
762 1064 897 1150 λέγοντας
915 1069 952 1128 fr.
963 1060 1080 1149 XVII);

65 1169 256 1231 adversarius
279 1170 383 1228 autem
404 1167 434 1228 ei
455 1165 616 1244 opprobrio
639 1167 745 1245 vertit,
773 1165 855 1244 quod
881 1165 1080 1243 vituperatio-

65 1266 156 1326 nibus
170 1284 288 1343 semper
300 1265 469 1326 immisceat
481 1265 563 1326 iocos
576 1265 626 1326 vel
638 1266 774 1342 poeticos
788 1265 877 1326 flores
887 1256 938 1346 (fr.
947 1254 1081 1344 XVIH);

64 1368 219 1443 postremo
242 1362 416 1423 Arcesilaus
444 1362 579 1423 cretione
606 1360 712 1422 habita
739 1380 803 1422 sese
831 1361 924 1422 inient
950 1360 1081 1421 mediam

66 1463 100 1522 in
121 1461 244 1522 turbam
267 1478 344 1537 quae
368 1479 438 1520 eum
459 1477 641 1539 magnopere
667 1458 837 1519 admiretur
863 1449 914 1539 (fr.
937 1448 1081 1538 xvnn).

134 1557 241 1618 Altera
263 1558 458 1636 vegetissime
480 1558 581 1635 imago
599 1555 687 1616 nobis
706 1557 794 1634 quasi
811 1559 882 1615 ante
903 1555 1006 1616 oculos
1027 1573 1082 1630 po·

67 1657 153 1716 nitur
162 1655 314 1716 Zenonis
328 1656 453 1733 eiusque
463 1654 601 1733 agminis.
624 1653 726 1713 Zenon
736 1653 817 1713 enim
830 1651 948 1730 colligit
960 1650 1083 1711 tumbam

68 1752 275 1814 mendicorum
307 1745 322 1834 (
352 1745 451 1833 .ΧΧ)
484 1768 611 1828 eamque
643 1748 732 1808 docet
761 1748 923 1810 lenticulas
954 1765 1083 1825 coquere

71 1841 123 1931 (fr.
138 1841 238 1931 XXI),
262 1867 322 1926 qua
344 1868 377 1908 re
401 1847 576 1925 superbiens
599 1846 751 1925 glorietur
771 1864 851 1906 unus
875 1864 911 1905 ex
933 1864 968 1905 eo
989 1864 1083 1924 ‘grege

71 1939 122 2029 (fr.
145 1940 262 2029 XXH)3
290 1946 343 2006 sed
369 1946 401 2004 in
427 1963 532 2024 pugna
554 1942 699 2004 acerrime
726 1945 806 2004 alter
828 1943 881 2022 qui
904 1943 1030 2004 divitem
1052 1961 1084 2003 se

71 2045 185 2104 Zenoni
211 2043 327 2104 dedidit
353 2043 415 2102 iam
441 2043 478 2102 de
505 2042 588 2102 felici
614 2043 786 2102 certaminis
812 2044 923 2103 eventu
945 2041 1085 2118 desperat

71 2145 102 2202 et
130 2139 320 2201 acerbissime
350 2139 457 2199 irridet
486 2140 556 2199 illos
582 2133 730 2218 πτωχούς,
761 2157 891 2217 namque
923 2157 987 2200 sese
1019 2155 1083 2200 esse

69 2230 188 2314 πτωχόν
215 2237 296 2313 quod
321 2237 360 2296 ad
382 2240 513 2296 mentem
540 2227 672 2296 admeat
694 2237 798 2313 itaque
821 2235 947 2297 exitium
969 2237 1084 2297 evitare

70 2353 133 2394 non
146 2351 234 2409 posse
249 2325 299 2415 (ir.
309 2317 446 2416 ΧΧῙΠ)
463 2335 534 2394 huic
546 2334 644 2412 igitur
662 2335 827 2396 stoicorum
842 2353 963 2414 pugnae
976 2333 1084 2411 proba·

69 2430 175 2491 biliter
196 2430 349 2491 tribuendi
372 2436 444 2492 sunt
465 2432 512 2491 illi
536 2451 657 2511 quoque
674 2451 780 2494 versus
799 2432 910 2512 quibus
924 2431 1085 2493 Cleanthes

71 2529 253 2591 describitur
265 2549 320 2607 per
332 2531 446 2591 medios
456 2530 591 2591 virorum
601 2530 720 2591 ordines
734 2531 875 2591 incedens
884 2522 935 2611 (fr.
943 2521 1086 2610 XXIIII).

139 2629 233 2688 Porro
263 2629 305 2688 ad
328 2629 576 2706 pbilosophorum
603 2628 782 2709 λογομαχίαν
812 2629 910 2689 refero
941 2627 1086 2705 reliquias

72 2726 249 2802 nonnullas,
287 2725 397 2802 quibus
434 2726 599 2788 novenarii
630 2727 848 2787 contumeliose
880 2728 1086 2804 appellantur:

73 2821 272 2899 fr.XXuno
283 2822 481 2899 philosophus
490 2825 606 2901 petitam
615 2824 739 2900 quidam
748 2824 1087 2902 quicomperationibus

74 2922 108 2978 et
129 2919 311 2997 imaginibus
334 2920 382 2979 uti
404 2920 513 2980 solitus
537 2921 586 2998 sit,
608 2920 644 2978 fr.
658 2921 759 2980 XXVI
781 2940 841 2998 quo
864 2921 983 2997 Platon,
1007 2917 1089 2996 quod

73 3019 200 3096 inpenso
235 3018 334 3095 pretio
372 3017 485 3077 librum
515 3016 737 3094 Pythagoricae
773 3017 950 3093 disciplinae
982 3015 1089 3075 emerit

74 3111 171 3193 exque
195 3134 230 3176 eo
254 3115 411 3176 Timaeum
432 3113 639 3175 concinerent
666 3106 744 3196 (sire
766 3118 804 3175 ut
826 3111 949 3174 Tzetzae
972 3113 1090 3190 placuit

76 3213 241 3290 Sophronis
262 3213 362 3273 mimis
380 3212 505 3273 edoctus
524 3211 565 3271 stt
584 3211 721 3289 dialogos
740 3211 882 3271 scribere:
903 3212 940 3271 fr.
951 3201 1089 3288 XXVI⁸)‚

74 3312 114 3371 fr.
130 3311 246 3371 XXVII
268 3303 432 3392 (siquidem
450 3308 584 3368 Timonis
608 3300 669 3391 est)
693 3328 753 3387 quo
770 3308 965 3386 Asclepiades
987 3308 1089 3367 Phlia-

76 3408 154 3484 sius3
179 3407 248 3467 dein
266 3408 302 3466 fr.
317 3407 447 3466 XXVIII
470 3425 531 3484 quo
549 3405 742 3467 Menedemus
758 3410 906 3467 ,narratur
924 3404 1089 3471 orationem

74 3503 219 3564 habuisse
238 3509 269 3565 et
291 3506 328 3563 fr.
341 3505 489 3565 XXVIIII
507 3523 568 3586 qno
586 3503 768 3568 Heraclitus
781 3507 826 3566 ut
836 3503 932 3564 ‘udam
944 3497 1124 3559 censuim
