2452 3832
485 123 705 188 ..67-

84 289 123 348 ad
146 288 272 348 honeste
294 289 441 365 beateque
466 289 630 349 vivendum
651 290 935 368 philosophiamque
954 293 1103 353 rationem

84 387 180 446 solam
209 386 362 462 sapienter
389 386 511 446 vivendi
537 403 634 462 neque
658 387 814 446 scientiam
837 407 901 448 esse
926 391 1103 451 statuebant

84 476 137 564 (of.
161 483 202 541 L.
214 484 250 542 D.
270 483 314 541 VI
339 485 389 544 63.
410 475 481 563 86),
504 483 609 559 itaque
633 501 735 542 omues
754 485 808 560 qui
827 485 974 546 eiusmodi
993 488 1102 547 studiis

82 582 233 644 vacabant
261 581 451 642 acerbissime
480 580 518 639 ab
544 581 587 639 eis
615 579 820 640 irridebantur
847 601 943 658 eoque
966 583 1102 643 acerbius

83 700 145 758 quo
169 679 367 738 confidentius
390 679 437 738 illi
462 677 653 755 opinionibus
677 677 739 736 suis
763 678 835 738 freti
858 684 965 739 essent.
1010 700 1101 758 quam

83 778 122 837 ob
159 795 283 836 causam
320 775 493 855 δογματικοί
525 776 685 852 praecipue
724 774 761 834 ab
795 775 838 834 eis
871 777 997 837 lacerati
1030 782 1102 838 sunt

81 874 269 953 philosophi,
296 877 342 933 ut
359 872 504 932 Euclides
526 872 697 950 Megaricus
725 891 744 932 a
769 873 904 951 Diogene
933 867 984 954 (cf.
1008 875 1041 933 L.
1065 876 1100 934 D.

81 973 127 1030 VI
153 964 219 1052 24),
247 971 335 1030 Plato
365 971 402 1028 ab
426 969 608 1030 Antisthene
637 988 706 1028 cum
735 970 811 1030 alias
835 974 902 1030 tum
924 972 956 1030 in
979 973 1101 1051 dialogo

82 1087 173 1146 quem
186 1061 327 1128 Σάθωνα
341 1059 527 1147 inscripsit¹)
543 1071 635 1144 atque
650 1086 669 1126 a
682 1068 816 1146 Diogene
832 1059 883 1149 (cf.
899 1069 932 1127 L.
948 1070 984 1128 D.
998 1070 1043 1128 VI
1059 1073 1100 1130 24

82 1169 180 1226 -28
196 1166 246 1226 53.
262 1156 329 1246 58),
344 1165 465 1241 Stilpon
481 1183 498 1222 a
513 1162 634 1224 Oratete
650 1155 697 1245 (L.
711 1164 747 1223 D.
757 1164 789 1223 H
801 1158 889 1246 117),
907 1167 1100 1228 Menedemus

58 1249 66 1254 ”
81 1264 120 1323 ab
135 1263 239 1323 eodem
254 1255 301 1344 (L.
315 1262 352 1322 D.
366 1263 398 1322 Π
414 1265 491 1339 131;
505 1261 550 1320 VI
565 1253 631 1342 91),
644 1262 796 1339 Epicurus
811 1281 830 1320 a
842 1262 984 1342 Menippo
1000 1256 1047 1346 (L.
1063 1265 1099 1324 D.

81 1362 126 1420 VI
138 1354 226 1442 101),
237 1361 325 1421 stoici
335 1361 373 1436 ab
384 1361 488 1420 eodem
499 1351 623 1439 (Athen.
633 1359 705 1418 XIV
714 1351 852 1441 psas),
863 1359 991 1438 denique
1002 1362 1100 1421 Xeno-

36 1434 45 1464 Ι
81 1463 180 1519 crates
204 1478 222 1516 a
244 1458 338 1519 Bione
363 1450 410 1538 (L.
434 1458 470 1515 D.
494 1457 538 1515 IV
564 1449 620 1537 10)
649 1476 739 1533 quem
766 1458 850 1516 etin
874 1459 990 1536 agendo
1014 1460 1100 1518 etin

80 1557 205 1616 dicendo
234 1555 450 1632 scribendoque
475 1572 657 1632 germanum
685 1555 825 1631 cynicum
854 1573 884 1613 se
908 1557 1099 1632 praestitisse

80 1672 299 1731 usquequaque
324 1643 491 1731 apparet).
534 1651 697 1710 sedetiam
716 1654 831 1710 ceteros
851 1651 985 1713 eruditos
1005 1653 1098 1730 sugil-

80 1753 279 1828 laruntvelut
307 1748 520 1827 grammaticos
543 1747 693 1825 Diogenes
722 1739 774 1828 (cf.
798 1747 830 1805 L.
854 1748 890 1806 D.
914 1748 958 1807 VI
983 1746 1041 1828 28)
1070 1754 1102 1810 11

79 1849 241 1925 Menippus
265 1847 310 1922 (L.
334 1847 371 1906 D.
396 1845 440 1903 VI
465 1836 544 1924 111)
573 1849 604 1904 11
630 1845 708 1904 Bion
731 1838 840 1925 (Stob,
862 1848 948 1918 sterit.
968 1847 1012 1905 IV
1032 1839 1100 1928 54),

80 1946 311 2006 mathematicos
335 1944 484 2022 Diogenes
509 1934 556 2022 (L.
583 1941 619 2000 D.
648 1942 692 2000 VI
721 1935 791 2024 28),
819 1943 897 2003 Bion
925 1936 972 2025 (L.
996 1945 1032 2003 D.
1055 1945 1100 2003 IV

80 2035 153 2125 53),
178 2043 338 2118 Menippus
363 2032 410 2120 (L.
435 2039 471 2097 D.
495 2039 538 2098 VI
563 2041 641 2116 1013
668 2039 1098 2118 cf.Luaian.,10arouwnpp.

81 2133 130 2222 6),
158 2144 345 2200 astronomos
372 2136 523 2215 Diogenes
552 2133 598 2216 (L.
622 2137 658 2195 D.
681 2137 725 2196 VI
749 2131 806 2220 39)
834 2142 867 2198 11
888 2139 966 2199 Bion
989 2131 1098 2221 (Stob,
1130 2155 1131 2164 ¹

77 2238 166 2312 florii.
190 2235 299 2296 LXXX
325 2224 373 2314 3),
405 2234 536 2294 musicos
570 2235 721 2313 Diogenes
750 2227 795 2315 (L.
824 2236 860 2293 D.
888 2237 932 2295 VI
961 2240 1011 2298 27.
1041 2230 1098 2318 65)

79 2337 173 2411 atque
196 2332 274 2393 Bion
298 2325 403 2412 (1.1).
427 2331 471 2390 IV
496 2324 566 2413 53),
594 2332 729 2391 rhetores
758 2350 920 2410 omnesque
944 2329 1098 2405 ἐνδοξολο-

77 2433 206 2512 γοῦντας
228 2430 379 2508 Diogenes
402 2425 451 2509 (L.
471 2430 507 2488 D.
526 2429 570 2488 VI
588 2432 640 2489 47.
661 2421 731 2510 28),
763 2429 998 2490 Demosthenem
1024 2429 1097 2490 Dio-

79 2546 172 2607 genes
197 2519 243 2609 (L.
267 2529 313 2586 D.
326 2528 371 2586 VI
395 2521 466 2609 34),
490 2527 655 2587 Isocratem
678 2519 917 2608 Antisthenes³).

80 2667 295 2678 ——..—---

154 2717 180 2783 1)
196 2713 235 2768 Of.
251 2713 282 2770 L.
295 2713 329 2770 D.
344 2713 383 2768 VI
399 2717 618 2769 1252115811
634 2716 669 2771 de
684 2713 807 2771 Sathone
822 2713 923 2770 Athen.
938 2714 964 2769 V
978 2732 1004 2784 p.
1016 2713 1097 2782 220⁶;

79 2795 120 2849 XI
137 2812 164 2864 p.
184 2799 263 2861 5070,
287 2794 318 2848 L.
337 2792 371 2846 D.
390 2793 429 2846 VI
449 2794 603 2862 73111353
630 2795 695 2864 vide
717 2798 864 2865 praeterea
886 2795 952 2865 post
971 2795 1042 2850 alios
1062 2794 1097 2849 de

78 2873 228 2929 inimmitia
256 2889 341 2941 quam
368 2888 433 2926 cum
454 2871 573 2928 Platone
600 2874 726 2929 exercuit
747 2874 931 2930 Antisthenes
956 2873 1097 2930 subtiliter

80 2945 272 3022 disputantem
298 2952 516 3018 Duemmlerum‚
540 2953 733 3008 Autistbeaica
750 2971 778 3022 p.
803 2959 920 3017 13-163
948 2971 976 3021 p.
995 2960 1029 3007 62
1054 2971 1095 3023 sq.

152 3034 180 3101 2)
194 3030 266 3086 Vide
285 3031 359 3086 infra
373 3032 402 3086 et
415 3031 445 3085 L.
460 3031 493 3084 D.
504 3030 542 3084 IV
553 3036 586 3085 51
607 3027 658 3086 εἶτ’
680 3025 843 3086 ἐπανείλετο
858 3031 956 3100 (Βίων)
974 3027 1026 3100 τὴν
1041 3037 1097 3086 Ku-

79 3107 163 3181 νικὴν
181 3106 296 3180 ἀγωγὴν
315 3109 409 3184 λαβὼν
427 3107 549 3182 τρίβωνα
568 3109 618 3164 καὶ
635 3107 742 3179 melpum
767 3109 842 3178 quod
860 3125 927 3165 vero
945 3110 1027 3165 Bioni
1045 3109 1096 3166 ali·

80 3192 210 3262 quotiens
237 3191 355 3247 dicteria
383 3189 521 3260 quaedam
549 3189 735 3259 adsignantur
761 3205 834 3258 quae
861 3188 947 3259 11181
976 3190 1097 3261 Diogeni

79 3271 179 3328 aliisve
208 3271 326 3342 cynicis,
349 3271 380 3325 id
402 3269 543 3340 quomodo
568 3270 605 3324 sit
627 3268 824 3338 explicandum
848 3273 929 3326 acute
952 3270 1096 3341 perspexit

80 3352 276 3407 Duemmlerus
294 3351 313 3404 l.
332 3368 353 3405 s.
373 3367 400 3419 p.
416 3355 449 3404 69
470 3353 558 3406 1170.

152 3433 179 3500 3)
205 3429 538 3498 ornamentumque.
559 3428 692 3484 Ananim.
711 3446 738 3497 p.
760 3432 775 3481 7
796 3445 836 3496 sq.
857 3431 886 3484 et
908 3428 1098 3495 heinhardus,

81 3511 114 3566 dc
132 3509 265 3566 Isocratis
283 3508 397 3564 aemulis
414 3527 442 3579 p.
461 3513 495 3563 27
516 3525 576 3580 sqq.
899 3583 902 3586 -

922 3591 964 3646 ffl-
