2454 3840
535 145 572 154 -
621 108 685 172 202
734 145 771 153 —
969 132 1160 176 monierus

145 263 302 356 (ἀδελφεὴ
323 290 395 332 esse.
423 272 504 331 idem
522 272 644 332 videtur
656 273 842 350 peculiarem
856 269 922 349 περὶ
936 267 1038 333 αὐλῶν
1051 275 1164 335 librum
1207 313 1210 316 -

75 431 77 436 ,
145 371 347 449 composuisse
371 362 495 452 (Athen.
519 370 563 430 IV
585 392 614 448 p.
641 363 746 452 184⁰),
782 390 872 448 quem
903 374 1007 430 tamen
1040 373 1163 450 quidam

145 471 309 529 voluerunt
328 469 366 527 ad
379 468 598 546 Mytilenaeum
617 469 826 547 cognominem
846 460 959 550 (quode
978 470 1048 530 vide
1063 470 1163 532 Laert.

104 553 107 558 ¹
144 565 320 644 Diog.Vl]l
335 558 390 648 82)
406 567 525 626 referre.
553 570 625 627 utut
644 569 698 643 est,
717 566 928 644 Pythagoreus
950 599 986 607 —
1013 569 1116 645 quoad
1131 589 1164 628 ex

144 664 313 726 Ptolemaei
337 668 368 723 et
386 664 547 741 Porphyrii
569 664 751 724 testimoniis
770 664 899 724 iudicari
916 668 1018 740 potest
1040 698 1079 707 -
1101 667 1164 744 egit

144 764 338 841 potissimum
360 762 397 821 de
421 762 608 822 diastematis
632 754 679 843 (in
702 761 829 821 Ptolem.
849 762 902 821 15
922 783 950 839 p.
973 753 1061 843 267),
1088 782 1164 841 quae

139 862 207 922 tria
226 860 352 940 agnovit
371 852 556 936 ἐναρμόνιον,
575 851 768 938 χρωματικόν,
788 854 955 919 διατονιιιόν
974 850 1068 940 (Ptol.
1088 861 1106 919 I
1127 862 1164 920 12

145 980 174 1036 p.
194 962 236 1020 32
256 959 337 1018 etin
355 957 482 1017 Ptolem.
502 955 517 1014 I
540 959 580 1016 12
599 978 628 1034 p.
649 958 727 1033 3103
751 957 857 1018 Boeth.
876 959 895 1016 l.
916 949 967 1039 s.):
990 961 1022 1018 et
1046 959 1167 1019 studuit

146 1057 339 1134 potissimum
364 1048 397 1116 τὸ
425 1047 498 1114 κατά
524 1044 577 1113 τὸν
604 1047 693 1134 λόγον
715 1048 889 1116 ἀκόλουθον
913 1049 1083 1133 διασώζειν,
1113 1051 1167 1117 οὐκ

147 1153 180 1213 ἐν
212 1157 273 1224 ταῖς
303 1151 491 1230 συμφωνίαις
522 1145 617 1228 μόνον
647 1145 719 1211 dul
750 1148 800 1211 καὶ
831 1155 890 1212 τῶν
917 1144 1165 1232 τετραχόρδων

148 1247 322 1327 διαιρέσεσιν
355 1243 397 1321 ὡς
429 1249 547 1320 οἰκείοις
576 1251 610 1332 τῇ
641 1243 729 1326 φάσει
756 1251 815 1309 τῶν
843 1246 973 1328 ἐμμελῶν
1001 1245 1089 1324 ὄντος
1116 1255 1168 1312 τοῦ

148 1343 312 1426 συμμέτρου
330 1348 390 1406 τῶν
408 1338 562 1424 ὑπεροχῶν
582 1338 674 1428 (Ptol.
693 1349 710 1408 I
731 1350 769 1406 12
789 1369 818 1425 p.
834 1347 873 1406 31
897 1352 927 1408 et
945 1348 976 1406 in
994 1348 1075 1408 Ptol.
1090 1350 1107 1408 I
1129 1353 1166 1409 12

146 1466 175 1522 p.
200 1436 295 1525 313):
323 1444 355 1502 in
384 1461 445 1522 qna
472 1444 609 1504 doctrina
637 1444 825 1524 explananda
853 1445 958 1507 multis
987 1446 1025 1505 de
1047 1447 1167 1507 ratione

148 1561 226 1622 quae
248 1543 328 1602 inter
350 1533 479 1619 ὑπάτην,
502 1536 695 1620 παρυπάτην,
719 1536 908 1622 παρανήτην,
930 1537 1025 1622 νήτην
1047 1544 1169 1622 reliqua

148 1642 347 1702 intercederet
370 1638 521 1700 disseruit.
568 1639 637 1699 inde
662 1640 758 1718 igitur
780 1641 897 1700 factum
918 1644 955 1700 ut
977 1643 1029 1718 τῆς
1050 1633 1170 1720 ὑπάτης

148 1737 245 1818 ἔριδος
269 1731 471 1817 ἐμπειρότατος
494 1736 593 1798 dictus
617 1737 658 1797 sit
680 1737 826 1798 eBione:
849 1739 931 1799 varie
955 1739 1036 1798 enim
1060 1739 1099 1800 de
1123 1741 1169 1802 his

147 1835 228 1895 inter
263 1835 408 1913 musicos,
450 1819 618 1911 Archytam
653 1835 846 1910 potissimum
883 1840 914 1896 et
950 1835 1170 1902 Aristoxenum

148 1932 363 2009 disputabatur
389 1923 441 2013 (cf.
464 1932 612 1992 Boethius
635 1933 654 1991 l.
680 1950 702 1992 s.
725 1932 754 1990 V
780 1925 933 2014 16-18).
980 1953 1170 2013 quamquem

147 2030 222 2094 haec
246 2049 367 2107 quoque
394 2061 431 2072 -
457 2033 493 2089 ut
515 2033 596 2090 recte
618 2029 769 2090 intellexit
791 2031 916 2090 Roscius
940 2049 1045 2090 comm.
1067 2032 1169 2094 Laert.

148 2148 176 2203 p.
193 2129 233 2190 82
258 2159 295 2170 -
317 2126 458 2204 ambigue
481 2127 614 2187 innuunt
637 2146 706 2186 enm
729 2145 915 2187 summarum
932 2129 1071 2188 rixarum
1089 2130 1168 2206 peri·

149 2225 301 2288 tissimum
324 2226 426 2286 fuisse.
1132 2295 1135 2299 .

99 2390 100 2394 ,
216 2322 357 2384 Ceterum
383 2323 433 2384 vel
460 2322 517 2382 hoc
543 2321 722 2383 brevissimo
747 2321 918 2399 fragmento
943 2323 1097 2384 evincitur
1120 2325 1169 2386 Ti·

148 2439 237 2481 mone
264 2439 325 2480 non
352 2421 452 2480 minus
481 2419 627 2480 audacem
649 2418 811 2480 verborum
834 2420 1048 2480 fabricatorem
1073 2423 1168 2482 firissc

102 2533 103 2536 ’
149 2516 289 2577 Bioncm:
322 2511 500 2593 dittdcvpog
525 2517 740 2577 benefactum
764 2519 811 2577 est
832 2517 871 2576 ad
894 2535 1033 2578 normam
1056 2518 1170 2578 Home-

149 2611 205 2671 rici
245 2605 445 2690 ὀλβιοδαίμαν
492 2604 543 2692 (ut
577 2613 705 2691 Amphis
743 2615 917 2676 helluonem
953 2608 1169 2694 ὄλβιονάστορα

149 2701 255 2790 dixit);
279 2709 331 2770 sed
348 2703 538 2790 ψαλληγενης
556 2711 594 2770 ad
612 2713 784 2788 exemplum
802 2712 887 2772 verbi
906 2707 1087 2792 μοιρηγινής
1106 2706 1169 2795 (vel

149 2796 338 2886 petrapertuis,
362 2811 399 2868 ut
422 2810 468 2868 eet
491 2807 573 2884 apud
595 2808 791 2886 Apollonium
813 2801 981 2890 Rhodium)
1004 2810 1170 2872 infeliciter

149 2910 297 2970 novatum
328 2910 364 2967 ut
396 2905 618 2984 significaretur
652 2908 740 2967 homo
773 2907 812 2966 ad
843 2907 1036 2983 psallendum
1068 2911 1168 2968 nctus.

150 3005 272 3070 videtur
298 3024 370 3066 vero
398 3005 444 3064 his
473 3005 616 3082 epithetis
640 3004 745 3064 acerbe
769 3005 934 3082 perstringi
956 3005 1046 3091 homo
1071 3007 1168 3082 philo·

150 3102 263 3179 sophus
282 3102 319 3162 de
339 3102 429 3162 rebus
448 3103 635 3181 gravissimis
648 3102 880 3178 mathematicis,
898 3102 1040 3180 physicis,
1061 3104 1168 3163 ethicis

151 3197 323 3275 dogmatica
354 3201 516 3261 securitate
549 3191 756 3282 (δλβιότυφος)
789 3199 947 3276 disserens,
980 3219 1049 3259 curn
1078 3204 1168 3264 natus

151 3295 312 3372 factusque
341 3295 382 3355 sit
411 3296 449 3354 ad
480 3298 627 3358 musicam
654 3296 860 3372 exercendam,
895 3295 947 3355 sed
975 3315 1169 3375 nequaquam

152 3390 190 3454 ad
212 3411 314 3452 rerum
336 3391 497 3454 veritatem
519 3394 769 3471 investigandam.

560 3565 759 3594 -ψ-
