2452 3832
530 199 751 264 „18-

135 361 270 422 Timonis
293 366 394 422 tamen
417 361 564 422 iudicium
587 363 680 423 etiam
698 363 729 421 in
748 363 817 422 aliis
837 381 914 440 quae
934 364 973 422 ad
995 375 1043 424 res
1066 365 1150 425 litte·

133 461 229 519 rariae
258 464 429 537 spectarent
457 460 685 537 quaestionibus
715 461 819 539 magni
842 461 1022 523 aestimavit.
1067 466 1151 524 certe

134 577 267 636 quonam
292 562 382 635 pacto
409 559 507 635 possit
534 557 686 635 quispiam
713 557 837 617 Homeri
865 558 998 617 carmina
1030 553 1153 638 integra

133 657 267 722 nancisci
285 656 442 716 Timonem
464 647 630 735 traditur¹)
654 655 919 733 interrogasse-
939 657 1021 732 quod
1043 639 1152 718 fecisse

132 753 256 815 ridetur
283 773 352 814 cum
379 755 444 831 ipse
473 754 536 814 sive
564 751 729 830 Odysseam
762 754 825 814 sive
852 754 980 813 Iliadem
1012 754 1153 816 editurus

135 844 247 934 esset²)
263 885 304 894 -
325 855 358 912 et
375 852 482 912 tulisse
501 852 692 928 praeclarum
709 867 887 927 responsum
906 849 932 909 εἰ
943 854 1004 922 τοῖς
1018 844 1151 930 ἄρχαίοις

134 942 329 1030 σἰντιγράφοις
352 943 525 1031 ἐντυγχάνοι
542 945 592 1009 uui
612 941 651 1026 μὴ
670 951 731 1020 τοῖς
748 943 808 1026 ἤδη
827 943 1065 1025 διαρθωμένοις,
1089 969 1152 1027 quo

134 1052 239 1109 utrum
271 1048 361 1108 Arati
392 1048 489 1125 ipsius
523 1067 562 1106 an
596 1044 742 1106 Zenodoti
760 1057 761 1060 ’
776 1046 943 1106 aliorumve
976 1039 1152 1126 διορθώσεις

135 1147 347 1224 perstrinxerit
370 1146 477 1206 Timon
501 1144 635 1204 dubitari
659 1141 732 1202 'sane¹
752 1135 896 1226 potest3).

202 1243 274 1302 Alia
295 1243 375 1302 ratio
398 1242 559 1302 intercedit
581 1242 662 1300 inter
679 1240 835 1312 Timonem
854 1245 885 1301 et
903 1241 1152 1302 Alexandrum

135 1341 280 1400 Aetolum
298 1340 564 1416 Homerumque
583 1339 689 1415 Mysus
707 1338 818 1415 filium,
837 1339 953 1399 nobiles
972 1340 1152 1399 Alexandri·

135 1456 192 1496 nae
206 1437 342 1514 pleiades
356 1437 497 1514 tragicos.
526 1436 638 1496 etenim
652 1436 740 1514 Diog.
750 1436 794 1494 IX
807 1439 868 1498 113
884 1437 970 1499 dicit:
990 1431 1150 1517 φιλογράμ-

136 1529 225 1612 ματός
247 1554 276 1593 τε
300 1526 355 1615 (sc.
378 1521 417 1611 ἦν
443 1525 557 1616 Τίμων)
581 1529 715 1605 καὶτοῖς
737 1539 873 1612 ποιηταῖς
896 1529 1015 1612 μάθους
1036 1527 1152 1613 γράψαι

137 1624 240 1702 ἱκανὸς
267 1627 323 1690 ουδ’
341 1624 476 1709 δράματα
499 1626 729 1690 συνδιατιθέναι.
776 1629 928 1708 μετεδίδου
951 1627 984 1691 δὲ
1005 1634 1065 1692 τῶν
1086 1643 1153 1709 τρα-

27 1774 30 1780 .
56 1801 59 1805 Δ
136 1727 255 1812 γςοδιῶν
270 1718 452 1809 Ἀλεξάνδρῳ
476 1724 526 1787 καὶ
545 1720 670 1809 Ὁμήρῳ.
707 1745 785 1805 quae
808 1729 901 1789 verba
918 1749 979 1789 non
997 1731 1088 1807 plane
1106 1729 1151 1788 in·

135 1827 249 1904 tellego
273 1826 423 1902 quomodo
447 1825 665 1902 interpretatus
690 1825 731 1885 sit
752 1826 934 1905 Meinekius‚
965 1829 1049 1888 anal:
1067 1827 1152 1890 Alea.

135 1945 164 2001 p.
182 1926 259 1983 217:
280 1917 374 2000 ‘quod
391 1922 480 2000 Diog.
495 1922 528 1981 L.
542 1923 586 1982 IX
603 1925 664 1982 113
686 1923 722 1982 de
741 1924 866 1984 Timone
885 1925 1019 1985 Phliasio
1038 1928 1152 2004 narrat,

136 2021 168 2080 id
187 2039 333 2098 quorsum
352 2024 469 2096 spectet
491 2024 528 2080 ut
545 2039 625 2079 nunc
644 2039 693 2080 res
711 2025 764 2080 ¹est
786 2022 946 2083 diiudicari
969 2024 1020 2085 vix
1042 2026 1151 2100 potest.

136 2226 282 2292 tamquam
301 2227 379 2280 certa
397 2225 466 2279 haec
484 2224 590 2295 posuit:
617 2225 684 2281 ‘Der
702 2223 767 2296 (mit
784 2227 833 2281 der
851 2229 1050 2284 Anwesenheit
1068 2226 1173 2283 Arats'

137 2305 166 2360 in
181 2303 260 2359 Pella
273 2305 320 2359 bei
334 2305 383 2358 der
393 2304 530 2359 Hochzeit
544 2305 592 2360 des
606 2306 764 2374 Antigones
777 2307 835 2361 und
850 2308 899 2362 der
912 2305 1004 2377 Phila)
1019 2307 1152 2376 gleich-

137 2384 264 2454 zeitige
278 2383 447 2444 Aufenthalt
461 2385 510 2439 des
521 2381 649 2440 Aetolers
663 2386 845 2451 Alexandros,
862 2386 910 2439 des
924 2384 1082 2455 Antagoras
1097 2402 1153 2442 von

136 2465 265 2532 Rhodos,
293 2464 351 2520 des
375 2462 494 2520 Timon
519 2481 583 2519 von
605 2464 726 2520 Phlius
750 2481 795 2519 am
819 2463 1056 2518 Makedonischen
1079 2464 1152 2520 Hofe

67 2547 73 2558 '
136 2546 249 2601 verr'ath
272 2563 338 2612 uns,
366 2545 431 2598 dass
455 2544 505 2596 das
528 2543 690 2612 konigliche
712 2543 842 2613 Beilager
870 2542 915 2598 die
944 2543 1152 2600 dichterischen

136 2624 235 2680 Krofte
255 2621 474 2677 Griechenlande
494 2638 527 2674 nn
546 2621 687 2689 agonalen
705 2623 909 2678 Productionen
928 2624 1091 2695 heranzog!

210 2706 235 2773 1)
256 2702 295 2756 Cf.
314 2701 345 2756 L.
365 2701 397 2754 D.
420 2707 470 2755 113
490 2702 534 2768 (ex
553 2701 715 2772 Antigono).

208 2784 235 2850 2)
256 2779 396 2850 Odysseae
416 2778 571 2852 διόρθωσιν
595 2785 816 2837 commemorant
838 2782 898 2838 vita
915 2783 995 2838 Arati
1014 2784 1053 2838 III
1072 2804 1096 2840 v.
1118 2792 1151 2841 22

137 2882 164 2933 p.
185 2866 219 2916 58
247 2860 318 2929 (vita
335 2859 416 2913 Arati
434 2858 526 2915 latina
544 2863 609 2930 post
627 2861 708 2916 Arati
727 2862 793 2924 edit.
814 2864 912 2920 Venet.
934 2870 1002 2920 1488
1022 2882 1039 2920 a
1058 2866 1167 2922 euris?

138 2957 214 3012 gare,
232 2942 265 2996 δι
278 2941 411 3011 mythopr.
427 2945 572 2995 astronom.
587 2959 614 3011 p.
630 2947 646 2995 9
662 2943 738 2997 edita
751 2963 777 2999 v.
794 2948 837 3015 10)
857 2946 887 3000 et
900 2943 977 3001 Suid.
992 2964 1016 3002 v.
1027 2940 1152 3015 Ἄρατοςς

137 3021 254 3077 Iliadem
280 3024 312 3076 ut
335 3019 432 3075 ederet
455 3019 491 3073 ab
508 3019 648 3076 Antiocho
668 3021 765 3092 Syriae
787 3042 854 3095 rege
877 3024 1011 3080 incitatus
1036 3026 1079 3080 est
1102 3022 1151 3079 διδ

136 3098 168 3156 ιδ
198 3097 254 3156 ὑπὸ
282 3101 393 3156 πολλῶν
421 3096 600 3169 λελυμάνθαι
628 3102 672 3172 (cf.
697 3103 756 3158 vita
778 3103 859 3160 Arati
878 3106 889 3159 l
908 3124 933 3160 v.
954 3110 988 3158 68
1007 3123 1033 3172 p.
1055 3108 1089 3157 54
1108 3101 1151 3160 ed.

137 3176 296 3248 We'sterm.‚
315 3180 383 3236 ibid.
402 3199 429 3238 v.
449 3187 482 3236 84
501 3199 528 3250 p.
549 3187 591 3250 tt,
609 3182 669 3237 vita
687 3181 769 3236 Arati
788 3182 879 3238 latina
896 3202 921 3238 v.
939 3184 990 3249 13).

210 3262 236 3328 3)
256 3260 337 3315 Arati
360 3260 449 3330 ipsius
472 3260 566 3316 studia
583 3261 733 3318 Homerica
751 3281 769 3318 a
787 3263 903 3320 Timone
928 3261 1067 3330 castigata
1091 3278 1152 3317 esse

138 3338 258 3395 coniecit
277 3339 432 3408 Woweren,
447 3342 597 3410 polymatb.
619 3357 641 3396 ο.
660 3347 707 3408 18;
727 3360 787 3396 cum
807 3335 937 3397 Fabricio
956 3341 1025 3396 bibl.
1040 3341 1086 3397 Gr.
1102 3341 1150 3396 lib.

137 3419 164 3474 11
179 3435 202 3474 c.
217 3425 242 3487 2,
259 3424 299 3487 19,
315 3420 369 3473 vol.
386 3419 398 3472 l
413 3438 439 3489 p.
455 3417 655 3475 276⁸'Wolfius
674 3421 780 3491 proleg.
794 3427 885 3490 p.18'{
905 3420 954 3476 alii
974 3421 1154 3477 crediderunt

133 3516 200 3552 eum
217 3497 357 3553 Zenodoti
374 3499 469 3568 potius
489 3501 609 3555 audaces
628 3501 800 3556 mutationes
822 3499 1003 3572 vituperasse.
1041 3519 1152 3573 perver-

113 3589 180 3626 sum
201 3579 251 3660 est
266 3576 480 3647 Sergebuschii
497 3579 638 3638 iudicium
658 3581 744 3648 Hom.
759 3582 823 3636 diss.
841 3598 884 3650 pr.
903 3599 928 3650 p.
947 3589 1008 3638 203.
