2452 3832
534 167 576 176 —
623 131 666 194 94
712 167 754 176 —-
1024 155 1159 198 rmoms

136 286 213 355 θηρῆ
232 285 313 355 Diog.
333 285 378 340 11²
385 285 432 355 1³¹,
450 284 545 356 θήρην
565 285 647 355 Diog.
667 286 694 342 G
716 288 719 356 Ι
745 281 879 356 ὀαριστήν
897 286 979 358 Diog.
1002 287 1036 356 G,
1056 285 1075 342 ὁ
1094 285 1158 358 ἀρι-

137 372 204 442 στήν
222 372 304 444 Diog.
323 376 354 430 F
359 377 391 430 H

205 561 300 602 conn.
332 541 402 602 Sine
426 542 561 619 exemplo
585 542 614 600 h.
637 541 657 600 1.
682 542 859 605 adiectiui
885 546 1028 602 naturam
1051 545 1157 606 induit

136 631 216 718 γόης.
263 639 299 699 de
326 641 451 718 magicis
479 639 671 717 Pythagorae
703 639 819 699 artibus
851 643 972 717 praeter
1004 660 1039 700 ea
1074 663 1155 720 quae

136 734 317 796 Plutarchus
345 738 411 797 loco
440 755 531 813 supra
555 737 702 814 exscripto
727 738 833 797 attulit
856 738 992 799 narravit
1018 741 1156 816 permira

135 833 337 894 Nicomachus
351 834 433 912 apud
442 833 653 911 Porphyrium,
665 834 702 894 de
711 834 840 913 Pythag.
852 832 872 912 ᾗ
884 838 1014 896 23—25
1030 840 1062 897 et
1073 838 1154 896 Iam-

135 930 261 1009 bliohus,
276 932 329 993 vit.
344 931 433 1010 Pyth.
447 933 576 992 60-62
593 923 645 1012 (cf.
660 951 736 992 mus,
751 933 844 992 Rhen.
859 933 975 992 XXVII
985 955 1014 1011 p.
1026 937 1068 994 29
1079 928 1155 1018 sq.);

135 1031 227 1105 atque
251 1029 312 1087 iam
331 1029 465 1089 Timonis
488 1032 588 1088 aetate
610 1029 684 1089 satis
707 1047 865 1089 commune
887 1031 981 1092 fuerit
1003 1031 1155 1092 iudicium

134 1125 225 1203 illud,
254 1126 335 1202 quod
363 1126 399 1185 de
428 1145 462 1186 eo
490 1126 601 1186 Micion
628 1126 660 1185 in
688 1126 815 1186 Luciani
843 1126 931 1188 Gallo
959 1130 1077 1205 profert
1104 1131 1154 1190 his

135 1221 235 1283 verbis
254 1216 346 1302 γόητύ
361 1238 435 1299 φασι
453 1220 503 1282 καί
520 1217 713 1303 τερατουργὸν
726 1217 777 1284 τὸν
795 1219 968 1304 ύνθριοπον.
1006 1227 1155 1287 audacter

135 1319 227 1386 etiam
250 1319 432 1381 vocabulum
449 1320 644 1380 Homericum
666 1314 815 1399 ὀαριστής,
840 1342 899 1399 quo
918 1323 1016 1383 Minos
1039 1325 1153 1384 descri-

133 1415 218 1476 bitur
244 1420 401 1494 tamquam
429 1409 643 1495 συνουσιαστὴς
666 1413 699 1477 ἐν
719 1412 818 1499 λόγοις
840 1439 876 1479 ex
898 1420 1153 1497 interpretatione

134 1513 333 1573 Ps.·Platonis
351 1514 423 1573 Min.
443 1532 467 1572 c.
484 1515 524 1573 14
541 1534 569 1590 p.
586 1515 672 1592 319⁰,
695 1535 782 1576 nemo
801 1536 872 1577 vero
895 1521 1053 1594 praeterea
1076 1539 1153 1580 usus

134 1616 193 1689 est,
222 1612 329 1671 Timon
357 1611 512 1671 coniunxit
535 1629 604 1670 cum
627 1611 779 1672 abstracto
802 1615 923 1674 nomine
946 1616 1153 1694 σεμνηγορίης.

134 1709 216 1786 quod
234 1710 339 1792 ipsum!
352 1709 478 1770 novavit
495 1713 531 1769 ut
547 1708 808 1786 Pythagoreorum
826 1709 1024 1788 symbolicam
1041 1711 1152 1773 dictio-

133 1827 202 1866 nem
225 1807 408 1885 significaret
432 1808 624 1867 oraculorum
652 1807 851 1866 sollemnitati
878 1809 1151 1886 aequiparandam:

133 1905 170 1963 cf.
185 1903 337 1963 Plutarch.
349 1896 393 1985 (t)
417 1904 498 1981 apud
517 1903 600 1963 Stob.
614 1904 677 1964 flor.
692 1903 721 1959 V
737 1905 777 1963 ⁷2
801 1901 852 1963 καί
874 1899 935 1982 μὴν
958 1899 1047 1965 οὐδέν
1071 1904 1151 1967 ἐστιν

133 1994 209 2061 ούτω
232 2004 283 2078 τῆς
305 2003 521 2081 Πυθαγορικῆς
544 1999 722 2078 φιλοσοφίας
745 1999 824 2061 ἴδιον
847 1993 887 2074 ὦς
904 1995 936 2062 τὸ
956 1998 1150 2082 συμβολικόν,

134 2090 199 2158 οἷον
213 2095 246 2157 ἐν
260 2101 355 2180 τελετῇ
373 2095 551 2179 μεμιγμένον
570 2093 719 2181 φωνῇκαὶ
738 2100 834 2179 σιωπῇ
853 2097 1043 2172 διδασκαλίας
1062 2097 1151 2180 γένος

228 2188 267 2266 ὦς
291 2188 347 2275 γδιρ
370 2187 387 2256 δ
409 2190 484 2268 ύυαξ
507 2188 524 2256 δ
547 2192 580 2255 ἐν
599 2197 729 2273 Δελφοῖς
753 2189 819 2255 ούτε
842 2192 917 2277 λέγει
940 2191 1005 2257 ούτε
1027 2192 1151 2277 κρύπτει

132 2283 205 2351 σἰλλδι
225 2293 369 2370 σημαίνει,
388 2286 462 2353 κατὰ
480 2284 532 2353 τὸν
540 2284 740 2371 Ἡράκλειτον,
759 2286 835 2353 ούτω
849 2295 909 2353 τῶν
922 2296 1150 2376 Πυθαγορικῶν

133 2383 291 2469 συμβόλων
308 2387 358 2450 καλ
378 2384 410 2451 τδ
434 2384 600 2468 φράζεσθαι
619 2389 730 2450 δοκοῦν
748 2383 950 2467 κρυπτόμενύν
968 2389 1096 2453 ἐστικαὶ
1114 2389 1148 2456 τδ

131 2480 313 2564 κρύπτεσθαι
335 2481 509 2565 νοούμενον.
547 2489 681 2545 ceterum
703 2506 741 2546 ne
764 2488 820 2547 hoc
845 2488 967 2565 quidem
988 2477 1149 2567 epitheton

132 2585 270 2643 acumine
289 2587 384 2660 caret3
403 2602 473 2642 nam
493 2587 524 2643 et
542 2583 722 2660 significatio
737 2583 821 2644 verbi
836 2585 1030 2666 σεμνηγορίης
1048 2588 1150 2649 tincta

133 2684 179 2739 est
193 2680 394 2741 affectationis
413 2685 445 2741 ct
459 2680 671 2740 ostentationis
689 2681 812 2741 notione
827 2685 859 2742 et
872 2675 1009 2762 ὀαριστής
1023 2685 1149 2746 videtur

132 2776 237 2836 acerbe
253 2776 352 2836 dictus
367 2796 431 2838 osse
446 2777 645 2856 Pythagoras,
661 2778 733 2856 quia
747 2772 885 2856 ὀαριστύν
899 2779 979 2839 idem
993 2781 1148 2843 Homerus

131 2870 247 2938 5216.
269 2878 332 2936 217
357 2868 404 2957 (ἐν
428 2869 456 2936 δ’
479 2869 614 2955 ὀαριστὺς
635 2870 638 2953 i
658 2869 825 2955 πάρφασις,
848 2871 870 2955 η’
891 2871 918 2936 τ’
945 2875 1049 2956 ἔκλεψε
1073 2873 1148 2940 νόον

131 2965 211 3031 πύκα
229 2993 283 3053 περ
302 2965 504 3054 φρονεόντων)
528 2973 805 3033 confabulationem
828 2993 889 3052 qua
911 2975 1022 3052 aliquis
1042 2993 1147 3038 occae-

132 3073 200 3129 cata
222 3074 322 3130 mente
345 3071 585 3147 pellicitur'esso
608 3071 719 3148 voluit,
742 3065 797 3149 τὴν
814 3067 1062 3152 παραλογιστικὴν
1081 3066 1147 3153 δμι-

130 3165 197 3225 λίαν
230 3167 293 3227 sive
326 3159 481 3246 διήγησιν,
513 3170 550 3225 ut
581 3167 695 3227 scholia
727 3171 758 3228 et
789 3168 918 3247 Hesych.
951 3191 978 3230 v.
1009 3163 1147 3250 ὀαριστύς

130 3262 289 3338 explicant.

530 3393 742 3402 *—
