2452 3832
551 133 770 196 „20-

148 298 334 376 aliquotiens
362 316 381 356 a
408 296 517 356 studiis
551 314 629 373 quae
662 296 701 355 ad
730 295 953 373 philosophiam
981 294 1171 371 pertinerent

150 387 315 476 vacasse1).
362 413 455 471 quam
481 394 688 453 narrationem
714 398 750 453 ut
780 391 948 469 confirmet,
979 392 1040 450 iam
1067 393 1171 470 pergit

151 493 190 551 ad
219 491 440 569 scriptorum
467 494 654 592 catalogum,
683 511 778 569 quem
795 491 842 550 his
864 491 966 552 verbis
989 487 1171 567 conceptum

151 589 262 650 tradit·
269 589 421 669 Diogenes
447 591 466 648 l
491 607 526 648 s:

219 692 268 755 καὶ
294 690 361 776 γὰρ
388 689 538 774 ποιήματα
570 691 735 776 συνέγραφε
762 693 813 754 καὶ
841 692 897 772 imp
925 692 975 754 καὶ
1002 693 1169 776 τραγῳδίας
1206 683 1209 688 ’

150 790 201 853 καὶ
219 787 363 872 σατύρους
387 785 452 870 [καὶ
471 785 604 871 δράματα
621 785 736 870 κωμικὰ
754 785 940 870 τριάκοντα,
948 813 983 852 ια
970 785 1035 850 δὲ
1055 782 1113 872 (sic
1129 793 1169 869 H,
1162 838 1176 878 ,

152 886 186 950 δὲ
212 891 261 950 hie
289 892 382 951 habet
405 892 497 966 etiam
521 891 564 967 B,
595 907 663 949 cum
690 891 784 1006 vulgo
811 889 860 948 hic
882 882 917 948 τὰ
941 883 973 948 δὲ
996 873 1087 966 desit,
1117 889 1172 949 sed

151 991 222 1066 post
239 983 360 1069 τραγικὰ
379 988 511 1048 addatur
532 980 579 1069 δὲ)
601 981 723 1067 τραγικὰ
742 981 956 1064 §tricennale
938 986 1054 1058 σίλλους
1071 1007 1102 1046 τε
1120 985 1171 1047 καὶ

151 1108 220 1145 aava
221 1086 314 1158 ί.δοος
360 1083 477 1164 φέρεται
505 1078 535 1145 δ’
562 1079 655 1145 αὐτοῦ
682 1082 732 1144 καὶ
760 1078 966 1165 καταλογάδην
988 1083 1088 1163 βιβλία
1111 1081 1171 1161 [εἰς

151 1179 233 1242 ἐπῶν
254 1182 386 1243 τείνοντα
409 1176 556 1260 μυριάδας
579 1175 670 1257 duom]

219 1298 255 1356 In
287 1297 334 1357 his
366 1293 450 1359 rides
481 1297 575 1358 verba
606 1315 684 1373 quae
696 1297 853 1356 cancellis
882 1296 1044 1373 dupliciter
1072 1299 1172 1374 saepsi

153 1415 190 1455 ex
218 1397 314 1455 altero
344 1397 440 1454 fonte.
459 1413 555 1472 eoque
582 1393 835 1472 pinacographico
864 1386 897 1476 (i.
922 1407 946 1453 e.
971 1414 1007 1454 ex
1031 1389 1170 1477 Sotione)

154 1494 197 1552 eis
225 1491 329 1552 addita
357 1511 421 1552 esse
445 1511 523 1569 quae
547 1511 583 1551 ex
606 1493 705 1568 priore
730 1485 762 1572 (i.
787 1511 811 1551 e.
835 1491 990 1570 Antigono
1015 1486 1171 1575 Carystio)

153 1582 310 1671 fluxer02).
357 1609 417 1668 qua
456 1590 571 1668 origine
608 1609 678 1649 non
710 1594 870 1666 perspecta
906 1589 962 1649 hoe
995 1592 1171 1650 testimonio

154 1689 226 1748 olim
250 1688 338 1747 abusi
366 1690 438 1747 sunt
465 1687 503 1747 ad
526 1676 585 1746 duo
611 1686 729 1747 diuersa
746 1687 808 1763 ,illa
832 1706 909 1764 quae
937 1685 1086 1748 finxerant
1108 1693 1171 1749 tra·

154 1785 278 1864 goediae
302 1804 426 1864 genera,
449 1783 580 1862 lyricum
599 1779 629 1844 e't
648 1777 860 1862 dramaticum,
883 1779 1080 1868 probanda3).
1119 1788 1172 1846 sed

153 1883 258 1943 insunt
295 1884 388 1943 etiarn
424 1883 578 1961 graviores
620 1877 826 1960 difficultates.
865 1885 957 1941 'recte
995 1883 1074 1942 enim
1111 1884 1172 1944 duo

155 1982 349 2041 offensionem
378 1986 524 2060 ,movent
564 1981 697 2056 primum
738 1979 819 2057 quod
855 1979 988 2039 Timonis
1026 1979 1171 2062 ludolpol,

153 2079 355 2156 poemapost
378 2078 462 2138 sillos
486 2065 621 2137 omnium
644 2077 848 2155 notissimum,
878 2078 927 2137 hic
951 2098 1020 2138 non
1044 2098 1172 2139 eommo-

153 2175 324 2253 mora'ntur,
353 2175 471 2260 deinde*
489 2173 570 2254 qu'od
593 2174 685 2234 σίλλοι
714 2194 790 2252 quos
817 2177 897 2236 inter
926 2177 1011 2252 epica
1039 2177 1173 2236 carmina

154 2269 360 2358 maceraveris
386 2269 446 2333 non
473 2278 543 2351 post
571 2271 642 2352 ἔπη,
672 2272 724 2331 sed
752 2275 829 2332 falso
852 2274 919 2332 loco
941 2277 1012 2350 post
1035 2273 1173 2334 dramata

155 2389 227 2428 cum
261 2349 393 2452 'cinaedis
430 2372 606 2452 afferimtur.
653 2373 817 2446 utrumque
851 2369 965 2428 conicio
1002 2371 1172 2445 profectum

155 2487 219 2527 esse
238 2488 274 2527 ex
292 2488 374 2528 more
395 2445 534 2564 quodam
545 2461 811 2562 grammaticorum
832 2463 1056 2542 (iraecorum3¹
1048 2487 1080 2524 m
1098 2468 1173 2527 tria

155 2566 235 2638 enim
263 2582 373 2640 genera
405 2563 452 2622 illi
476 2559 599 2622 omnem
630 2557 737 2638 poesin
770 2557 1003 2640 distribuerunt,
1037 2565 1172 2625 earmina

156 2661 253 2736 epica,
277 2660 456 2736 dramatico,
479 2657 630 2734 melica3
618 2678 653 2717 un
676 2659 773 2736 prima
796 2679 867 2720 vero
892 2661 981 2720 classi
1000 2662 1093 2721 etiarn
1111 2663 1171 2722 ele-

156 2757 242 2834 giaco
256 2760 353 2814 metro
373 2757 543 2832 conscripta
560 2755 702 2832 poemata
716 2751 798 2834 ‘epici
811 2759 990 2836 argumenti
1009 2761 1173 2820 collocasse

229 3017 255 3084 1)
270 3014 314 3069 Ita
327 3013 403 3069 enim
417 3013 629 3084 interpretanda
643 3031 702 3071 esse
716 3017 802 3072 verba
815 3013 873 3072 ἀπὸ
890 3013 1056 3086 φιλοσόφων
1071 3018 1172 3086 (neum.

157 3096 231 3163 gen.)
250 3089 381 3163 ἐσχόλαζε
401 3096 477 3149 recte
490 3093 598 3163 primus
612 3094 754 3150 intellexit
766 3096 1002 3152 Wilamowitziue
1016 3115 1043 3166 p.
1058 3103 1093 3152 42
1108 3097 1172 3153 adn.

229 3193 256 3259 2)
276 3188 351 3246 Duos
367 3189 491 3247 diversos
511 3191 604 3247 fontes
621 3193 652 3246 in
665 3193 719 3248 hoc
734 3193 865 3265 catalogo
881 3192 1092 3265 conglutinatos
1112 3212 1172 3252 esse

156 3269 215 3323 iam
233 3267 301 3323 olim
320 3286 337 3324 a
355 3287 400 3324 me
419 3274 457 3340 (p.
474 3272 502 3342 9)
522 3271 688 3340 coniectum,
709 3290 781 3328 nuno
801 3275 959 3330 accuratius
979 3277 1008 3329 et
1025 3275 1136 3344 plenius
1155 3293 1173 3332 a

158 3347 377 3404 Wilamowitzio
395 3368 422 3419 p.
442 3355 476 3404 42
495 3351 559 3406 adn.
580 3351 770 3422 explanatum.
895 3361 899 3368 ⁴

228 3439 256 3506 3)
276 3438 317 3493 cf.
336 3435 506 3506 Lobeckiue,
525 3440 661 3509 Aplcopt.
681 3458 708 3508 p.
729 3445 789 3506 977,
809 3421 858 3508 oui
877 3441 973 3494 tamen
994 3431 1055 3509 ipse
1073 3460 1100 3511 p.
1121 3446 1174 3497 978

135 3513 326 3571 metationem
348 3517 564 3588 tragoediarum
583 3537 734 3592 perperam
752 3519 883 3590 explieat.
