2454 3840
530 100 770 164 -180-

591 332 709 392 ΙΝΙΙΠ

187 444 277 532 ἡνίκ’
303 449 405 535 ἐχρῆν
428 450 562 532 δύνειν,
585 451 651 516 νύν
673 445 807 535 ἀρχεται
830 446 1037 536 ἡδύνεσθαι·

187 551 257 640 ύρη
282 554 379 641 ἐρᾶν,
403 550 472 640 ύρη
497 552 534 620 δὲ
556 566 690 640 γαμείν,
715 551 786 642 ἀίρη
811 553 848 622 δὲ
871 559 1076 624 πεπαῦσθαι.

422 738 542 780 HOMERI
564 737 728 781 DE'I'ORTVS
753 738 869 782 VERSVS

140 833 170 889 in
189 853 214 889 v.
234 841 265 890 2:
283 840 298 889 ί.
318 841 369 890 379
389 829 447 904 ύρη
466 831 518 905 μὲν
536 833 646 890 πολέων
666 830 782 906 μύθου,
802 829 859 905 ύρη
880 834 911 892 δὲ
932 837 980 892 καί
1000 833 1103 895 ύπνου.

207 1039 293 1081 nass.
318 1019 529 1080 Athenaeus
548 1019 608 1078 VII
625 1040 653 1095 p.
671 1012 751 1079 281‘l
774 1017 896 1100 περὶδὲ
914 1023 1079 1085 Διονυσίου
1102 1030 1159 1086 τού

134 1108 340 1195 Ἡρακλεώτου
362 1117 392 1177 τί
409 1117 458 1176 δεῖ
470 1113 521 1176 καί
543 1112 650 1196 λέγεινς
674 1109 707 1189 ὃς
729 1111 867 1196 ἀντιιιρυς
890 1111 1007 1192 ἀποδύς
1029 1115 1083 1181 τὸν
1105 1127 1159 1201 τῆς

140 1206 245 1292 ἀρετῆς
263 1215 370 1291 χιτῶνα
387 1206 500 1273 ἀνθινά
519 1206 736 1290 μετημφιάσατο
754 1211 804 1274 καί
818 1212 1032 1293 Μεταθέμενος
1046 1215 1156 1280 καλού-

140 1331 228 1388 μενος
251 1308 361 1389 ἔχαιρε,
384 1310 478 1370 καίτοι
500 1302 624 1389 γηραιὸς
647 1302 775 1382 ἀποστὰς
797 1313 855 1371 τῶν
877 1314 929 1389 τῆς
948 1316 1035 1387 στοᾶς
1058 1311 1157 1396 λόγων

138 1403 189 1466 καί
211 1404 259 1466 ἐπὶ
281 1400 333 1467 τὸν
348 1400 527 1486 Ἐπίκουρον
546 1401 765 1485 μεταπηδήσας
788 1404 855 1484 περὶ
878 1397 915 1469 ού
934 1403 990 1469 ούιι
1009 1402 1155 1490 ἀχαρίτως

138 1496 154 1563 ὁ
176 1503 276 1581 Τίμων
298 1502 370 1582 ἔφη·
395 1497 495 1582 «ἡνίκ’
518 1535 559 1545 -
579 1506 780 1564 πεπαῦσθαι».
821 1495 908 1585 (Inde
931 1506 1156 1568 Eustathius

137 1601 169 1660 in
188 1601 294 1680 Odyss.
317 1623 345 1681 p.
371 1604 465 1681 1691,
486 1603 527 1662 30
550 1597 591 1661 ἔτι
614 1597 721 1678 ἰστέον,
745 1596 789 1662 δτι
806 1596 953 1686 Ὁμηρικῷ
978 1596 1055 1689 ζήλῳ
1078 1602 1154 1686 λέγει

136 1721 180 1771 τις
197 1693 268 1779 παρ’
286 1694 438 1783 Ἀθηναίῳ
457 1693 489 1760 τὸ
509 1693 593 1776 «ὥρη
611 1729 648 1740 -
665 1701 870 1777 πεπαῦσθαι»,
895 1689 918 1784 ᾧ
937 1692 1085 1782 σύγκειται
1104 1701 1155 1762 uni

136 1790 168 1858 τὸ
202 1790 306 1877 «ἡνίκ’
338 1831 379 1839 -
408 1790 599 1875 ἡδύνεσθαι»
637 1790 732 1876 ῥηθὲν
768 1793 816 1855 ἐπί
848 1799 960 1881 γηραιῷ
993 1792 1154 1881 τρυφητῇ.)

135 1893 365 1972 Anthologia
377 1895 492 1954 Palat.
506 1895 533 1953 X
549 1895 590 1954 38
607 1883 744 1974 (Anthol.
759 1893 885 1955 Planud.
900 1896 981 1972 pao
993 1891 1153 1978 Stephon.)

137 1989 194 2050 sub
217 1992 359 2051 lemmate
382 1990 558 2052 Διονυσίου·
584 1984 667 2072 «ὥρη
689 2021 727 2032 —-
747 1993 920 2051 πεπαῦσθαι
928 2009 953 2052 >›.

209 2143 235 2179 v.
253 2130 266 2178 1
286 2125 339 2179 νύν
359 2123 424 2179 Aah.
445 2125 535 2180 anth:
554 2118 614 2178 τότ’
634 2123 712 2179 Eust.
727 2126 736 2194 ΙΙ
752 2130 807 2180 v.2
828 2119 885 2194 ύρη
904 2122 934 2179 δ’
956 2121 1025 2194 ἐρᾶν
1044 2127 1125 2185 Euat.
1148 2130 1151 2199 ί

138 2209 170 2266 δὲ
189 2213 357 2266 πεπαῦσθαι
375 2214 465 2269 anth:
485 2210 516 2267 δὲ
536 2210 682 2266 παύεσθαι
702 2212 768 2266 Ath.
787 2212 863 2266 Eust.

203 2417 297 2458 ocum.
325 2399 372 2457 Ea
395 2416 473 2476 quae
495 2396 672 2456 Athenaeus
696 2395 731 2455 de
755 2395 900 2474 Dionysio
924 2398 1151 2461 Metathemeno

135 2496 229 2556 refert
251 2495 348 2570 petita
367 2499 439 2556 sunt
456 2495 563 2569 procul
582 2493 674 2551 dubio
699 2512 734 2552 ex
748 2493 902 2573 Antigono
918 2492 1071 2574 Carystio,
1097 2499 1151 2575 qui

134 2591 167 2668 in
186 2610 221 2650 ec
241 2591 391 2666 discrepat
410 2609 427 2650 a
445 2590 542 2667 Nicia,
567 2590 647 2665 quod
666 2589 846 2669 Dionysium
864 2598 1079 2670 provectum
1099 2595 1149 2654 de-

133 2706 218 2746 mum
241 2689 342 2746 aetate
365 2687 452 2746 luxui
476 2704 506 2746 se
531 2686 646 2746 dedisse
670 2689 818 2767 narravit,
845 2690 1010 2750 secundum
1029 2692 1149 2751 Niciam

133 2802 205 2845 vero
230 2775 276 2865 (in
299 2785 522 2845 successionum
539 2783 624 2843 libris
648 2786 729 2861 apud
752 2784 861 2846 Athen.
882 2789 909 2847 X
930 2810 958 2864 p.
979 2782 1072 2872 437⁰)
1097 2790 1149 2848 ille

134 2882 195 2942 fuit
218 2878 254 2941 ἐκ
276 2877 361 2942 νέου
384 2875 459 2960 πρὸς
481 2873 516 2940 τά
540 2874 699 2959 ἀφροδίσια
722 2877 860 2960 ἐμμανής.
898 2890 929 2944 et
952 2885 1151 2946 confirmatur

132 2979 207 3040 haec
220 2979 368 3058 Antigoni
382 2979 516 3040 narratio
531 2978 664 3038 Timonis
679 2979 824 3057 versibus,
840 3000 914 3056 quos
928 2983 1085 3058 probabile
1102 2988 1148 3043 est

131 3076 232 3154 ipsum
249 3076 439 3155 Antigonum
456 3077 604 3137 laudasse.
642 3075 763 3153 singula
782 3079 932 3154 quaedam
951 3082 987 3138 de
1006 3081 1148 3159 Dionysii

131 3173 365 3249 intemperantia
405 3175 600 3250 protulerunt
642 3192 678 3232 ex
714 3174 818 3234 codem
853 3174 1008 3254 Antigono
1045 3179 1146 3238 Laert.

131 3268 220 3347 Diog.
244 3269 386 3331 VH167
412 3276 442 3332 et
464 3272 574 3331 Athen.
598 3271 626 3329 X
647 3290 677 3346 p.
700 3273 779 3332 437ο
809 3264 860 3353 (cf.
885 3272 1148 3354 Wilamowitzius‚

130 3364 292 3441 Αιιίὶγοιιοε
313 3387 342 3444 p.
364 3360 450 3449 126).
497 3373 631 3430 ceterum
654 3369 704 3429 vix
728 3373 786 3448 est,
810 3388 864 3428 cur
885 3389 1024 3431 moneam
1047 3374 1146 3451 primo

130 3481 221 3525 versu
243 3483 303 3526 non
327 3465 425 3525 solum
444 3466 539 3526 vitam
556 3468 709 3544 privatam
726 3467 866 3546 Dionysii
883 3470 957 3548 peti,
982 3469 1035 3529 sed
1054 3470 1148 3530 etiam
