2438 3832
58 131 108 170 ra.
123 129 151 170 a.
166 129 198 170 nr
444 141 485 148 —
534 104 596 167 171
646 140 688 148 -

58 271 146 330 Brut.
171 271 222 346 85,
247 270 325 345 2923
350 267 386 328 de
411 267 487 326 offic.
511 269 526 327 I
551 267 602 346 30,
623 259 712 348 108).
756 266 875 328 mutavi
897 266 993 344 igitur
1015 269 1077 326 tra·

60 368 161 429 ditum
183 353 340 438 ῦπαττικός
357 366 390 424 in
408 357 567 436 όπιαστικός
590 355 688 446 (quod
705 364 811 424 fictum
829 382 894 424 esse
913 363 1021 442 opinor
1039 364 1078 424 ad

60 483 199 526 normam
217 463 303 526 verbi
320 456 525 545 tripertitos),
547 463 727 540 praesertim
750 481 819 521 cum
838 453 1005 534 ῦπαττικός
1027 462 1079 524 vix

60 563 124 623 dici
150 561 298 640 potuerit,
326 560 412 621 cuius
433 554 562 622 Ἀττικὸν
585 562 717 639 μυκτῆρα
740 576 843 620 omnes
870 559 985 638 norint,
1013 559 1078 622 sive

57 660 216 720 landarint
239 659 302 719 sive
325 659 581 736 reprehenderint.

126 758 212 817 Duas
230 760 389 834 praeterea
408 757 528 816 Timoni
544 751 669 833 prorsus
688 755 857 832 peculiares
875 755 1077 832 proprietates

58 856 93 914 in
120 856 177 914 hoo
204 855 375 932 fragmento
401 855 641 914 animadvertere
667 857 726 931 est,
748 852 881 929 primum
904 851 1078 912 annomina-

61 953 179 1012 tionem
201 952 233 1010 in
255 951 356 1012 verbis
375 944 486 1029 μυκτὴρ
505 942 721 1031 ῥητορόμυκτος
742 949 897 1027 adscitam,
921 949 991 1008 dein
1010 967 1078 1008 con-

61 1049 263 1110 structionem
283 1049 407 1108 nonita
426 1049 608 1126 elegantem,
633 1067 669 1106 ex
689 1065 749 1125 qna
767 1047 889 1124 singula
906 1047 1079 1124 philosophi

60 1147 222 1207 cirinsdam
245 1147 382 1224 epitheta
404 1138 571 1218 ἆσυνδέτως
594 1146 679 1206 iuxta
703 1163 734 1204 ee
757 1147 921 1221 ponuntur.

424 1420 468 1480 LI
491 1412 548 1502 (ὄλ
568 1412 717 1502 μτοοοό.)

220 1529 240 1624 ἦ
266 1539 310 1623 ῥα
332 1534 393 1605 τὸν
418 1534 480 1604 οὐκ
503 1536 633 1606 ἐθέλων
656 1548 852 1622 καταμεῖναι

104 1641 279 1731 ἠθολόγον

129 1847 217 1890 rnsr.
254 1826 388 1886 Sextus
411 1826 542 1904 Empir.
567 1827 633 1887 adv.
658 1827 756 1905 dogm.
780 1827 795 1886 I
821 1832 862 1888 10
895 1821 911 1889 ό
940 1823 994 1906 μὲν
1020 1820 1077 1907 γὰρ

62 1920 193 1988 Πλάτων
219 1917 329 1996 παντὸς
357 1920 464 2003 μέρους
489 1923 668 2002 φιλοσοφίας
691 1917 770 2006 αὐτῷ
794 1916 975 2006 (Σωκράτει)
998 1945 1080 2002 μετα-

50 2019 199 2098 'titonia
221 2023 274 2082 τοῦ
293 2017 347 2099 μὲν
365 2024 485 2101 λογικοῦ
502 2015 635 2101 παρόσον
657 2019 725 2102 περί
747 2017 827 2100 ὅρων
849 2020 899 2083 καί
919 2018 1079 2101 δαιρὲσεων

60 2118 113 2184 καί
135 2117 324 2200 ἐτυμολογίας
350 2121 541 2200 παρεισῆκται
569 2119 678 2198 ζητοῦν,
706 2109 781 2198 ἅπερ
805 2116 863 2181 ἐστί
885 2114 1002 2202 λογικοί,
1028 2123 1081 2183 τοῦ

63 2216 97 2280 δὲ
124 2211 237 2298 ἠθικοῦ
264 2211 308 2279 ότι
335 2214 402 2297 περὶ
429 2211 533 2298 ἀρετῆς
561 2214 610 2278 καὶ
636 2217 781 2291 πολιτείας
808 2215 860 2278 καί
887 2211 991 2296 νόμον
1017 2217 1079 2279 δια·

62 2311 222 2393 σκέπτεται,
245 2317 297 2378 τοῦ
321 2311 354 2375 δὲ
377 2316 507 2393 φυσικοῦ
530 2307 574 2376 ότι-
597 2311 647 2375 καλ
669 2313 736 2394 περί
758 2309 871 2394 κόσμου
895 2337 921 2376 τι
942 2313 993 2376 καὶ
1015 2312 1081 2394 περί

64 2413 224 2491 ζωογονίας
251 2411 300 2473 καί
328 2416 429 2492 ψυχῆς
457 2406 706 2491 πεφιλοσόφηκεν.
752 2411 842 2474 ἔνθεν
865 2409 915 2474 καί
938 2405 1081 2490 ό-Τίμων

63 2509 190 2572 αίτιῦτυι
211 2505 264 2580 τὸν
282 2506 430 2572 Πλάτωνα
448 2508 496 2572 ἐπί
518 2512 558 2594 τῷ
577 2504 654 2572 οῦτω
677 2510 869 2583 καλλωπίζειν
886 2503 938 2572 τόν
956 2503 1081 2588 Σωκρά-

64 2630 120 2686 την
137 2611 255 2681 πολλοῖς
273 2603 459 2688 μαθήμασιν·
480 2596 521 2688 «ἦ
536 2602 625 2691 γάρ»,
643 2626 728 2689 φησι,
748 2603 820 2670 «τόν
839 2641 882 2650 -
900 2601 1081 2688 ἦθολόγον».

134 2752 186 2799 v.1
207 2734 225 2811 ἦ
242 2742 364 2798 Bckker:
382 2736 400 2811 ἧ
414 2743 481 2799 libri
496 2748 501 2810 Ι
517 2739 553 2812 (λα
568 2741 680 2813 scripsi:
699 2741 753 2811 γὰρ
767 2741 835 2797 libri
851 2747 854 2811 Ι
872 2738 981 2799 ἐθέλων
996 2761 1081 2796 κατα·

62 2841 162 2906 μεῖναι
180 2830 292 2900 scripsi:
321 2828 459 2885 ἐθέλοντα
482 2837 578 2900 μεῖναι
600 2831 679 2897 libri3
704 2828 799 2886 ἐθέλοι
818 2837 988 2900 καταμεῖναι
1007 2831 1079 2886 Zim-

65 2938 212 2979 mermann
231 2936 290 2988 μσς.
310 2917 422 2988 Erlang.
442 2936 469 2987 p.
488 2923 536 2984 223
556 2913 695 2973 ἐθέλοντα
713 2919 822 2988 μιαίνει
839 2918 869 2972 F.
890 2917 1004 2973 Schoell

132 3110 228 3152 oona.
254 3087 444 3149 Sumendum
463 3093 510 3150 est
528 3087 693 3168 abruptum
712 3109 776 3152 esse
796 3093 997 3172 enuntiatum,
1022 3114 1082 3171 qno

68 3192 211 3252 narratur
237 3185 326 3247 Plato
351 3185 506 3247 Socratem
533 3187 658 3248 mirifice
686 3208 857 3268 exornasse,
890 3209 960 3251 cum
987 3192 1084 3253 nollet

68 3309 139 3350 eum
166 3304 288 3346 manere
316 3277 476 3365 ἠθολόγου.
521 3285 676 3363 idipsum
698 3308 769 3350 vero
792 3288 920 3349 verbum
942 3289 1085 3350 bifariam

66 3387 162 3464 valet3
196 3385 290 3461 vulgo
323 3384 403 3443 enim
436 3383 587 3462 significat
619 3385 745 3445 mimum
777 3385 839 3448 sive
868 3405 1002 3448 scurram
1031 3380 1083 3470 (cf.

67 3483 101 3545 Ο.
120 3482 254 3559 Iahnius,
276 3483 391 3562 proleg.
415 3482 447 3542 in
466 3482 604 3564 Persium
626 3505 655 3562 p.
674 3483 742 3545 XOI
765 3488 798 3544 et
818 3486 915 3544 neiat.
928 3485 1106 3552 semime.
