2452 3832
543 103 762 168 ..64-

141 269 310 329 mowitzius
339 269 509 345 exemplum
537 243 572 326 ex
598 267 654 327 hoc
683 267 813 327 carmine
841 267 972 344 petitum
1001 286 1065 330 esse
1093 291 1167 347 pro-

142 365 209 424 bari
231 384 426 454 nequaquam
446 369 547 443 potest
555 357 588 445 ¹).

209 464 402 540 Xenophanis
426 462 577 540 quendam
599 462 753 541 aemulum
774 463 910 524 extitisse
929 463 1168 526 Nicomedem

144 559 240 620 Coum
263 561 336 620 olim
359 579 429 619 sane
454 559 543 618 facile
566 559 677 637 aliquis
700 560 803 635 potuit
825 560 961 620 conicere
987 581 1086 640 neque
1108 564 1166 623 im·

143 657 355 736 probabiliter,
379 677 448 718 curn
471 658 535 718 eius
559 649 780 738 epitaphium²)
805 658 847 718 sic
870 659 1035 738 legeretur:

188 768 280 846 ὅντως
303 772 416 852 δίζηαι,
439 769 502 846 ξένε
525 771 656 850 φίλτατε,
679 771 722 844 τίς
744 765 843 833 πόθεν
865 771 935 851 είμί;

188 874 259 945 Κῶς
282 868 336 950 μίν
360 891 410 948 μοι
432 869 535 946 ιιατρίς
557 866 646 930 ἔστιν·
671 862 728 948 ἐγὼ
754 861 783 928 δ’
808 863 904 947 ὄνομα
926 866 1121 951 Νειιιομήδης

186 963 346 1030 Μουσάων
368 960 512 1046 θεράπων
536 960 620 1051 ᾅδων
642 962 818 1044 depilatum
836 960 966 1048 Ὀμήρου

188 1061 288 1139 δόξαις
312 1058 469 1146 ἕγγελιίσας
490 1062 655 1142 περίκειμαι
678 1055 801 1142 νήδυμα
822 1057 929 1124 ὕπνον.

150 1181 199 1240 'lle
228 1181 324 1259 igitur
347 1181 430 1242 visus
454 1186 500 1240 est
522 1199 582 1240 non
605 1180 703 1239 solum
725 1179 857 1256 parodus
876 1179 976 1264 fuisse
989 1181 1115 1258 qualem
1134 1203 1165 1243 se

143 1278 175 1336 in
193 1278 250 1337 hoc
268 1279 334 1355 ipso
354 1278 508 1356 epitaphio
529 1276 669 1355 ostendit,
689 1276 741 1336 sed
760 1277 852 1335 etiam
866 1276 990 1337 Homeri
1005 1279 1165 1356 opiniones

144 1375 285 1436 similiter
307 1379 399 1453 atque
418 1375 618 1452 Xenophanes
637 1365 811 1454 irrisisso⁸):
835 1373 887 1433 sed
906 1391 974 1433 enm
993 1395 1073 1435 nuno
1093 1396 1164 1438 oon·

146 1465 239 1555 staff)
271 1491 332 1532 non
356 1465 488 1552 Ὁμήρου
520 1472 668 1532 traditum
700 1489 777 1548 esse,
810 1471 861 1530 sed
887 1472 1075 1532 OMHPOII
1094 1476 1114 1534 i.
1140 1497 1163 1536 e.

135 1561 277 1649 Ὅμηρον,
296 1574 378 1630 recte
396 1570 612 1630 intellexerunt
630 1570 690 1628 iam
711 1567 893 1645 Stephanins
913 1565 998 1649 (titul.
1014 1569 1068 1630 Gr.
1083 1579 1164 1648 part.

142 1666 170 1723 V
189 1687 217 1726 n.
239 1660 295 1748 12)
320 1670 351 1725 et
369 1665 527 1726 Kaibolins
551 1658 654 1748 (eptas.
675 1664 728 1725 Gr.
747 1685 775 1724 n.
797 1658 876 1746 101)
894 1666 1047 1726 hominem
1066 1671 1162 1731 fuisse

142 1764 336 1825 Homericum
358 1764 550 1842 rhapsodurn.

68 1850 75 1863 ’
208 1863 313 1938 Neque
332 1862 415 1921 ullus
434 1866 591 1938 praeterea
610 1859 732 1921 disertis
751 1859 850 1919 verbis
869 1867 1126 1924 commemoretur
1145 1883 1163 1924 a

142 1959 295 2022 veteribus
323 1958 397 2036 ipsis
426 1952 636 2039 σιλλογριίφος,
664 1975 849 2035 quamquam
872 1957 966 2018 fuisse
989 1960 1066 2020 alios
1090 1962 1162 2023 licet

142 2056 289 2134 suspicari
309 2074 344 2115 ex
361 2056 485 2116 Tzetzee
505 2055 586 2133 epud
599 2053 841 2132 Bernhardyium
861 2046 915 2136 (ad
929 2056 1019 2116 schol.
1031 2050 1161 2137 Dionys.

215 2226 241 2295 1)
257 2225 386 2280 Ceterum
400 2225 494 2296 ipsum
506 2223 677 2281 vocabulum
685 2223 855 2294 γεννᾶσθαι,
869 2224 945 2292 quod
954 2224 1160 2296 Xenophanem

142 2322 292 2376 usurpasse
312 2304 366 2360 sibi
384 2303 525 2376 persuasit
537 2303 779 2371 Wilamowitrius‚
798 2303 869 2358 mihi
886 2306 963 2360 certo
982 2303 1089 2363 indicio
1107 2313 1160 2378 est,

141 2400 199 2440 non
216 2385 279 2456 ipsa
292 2385 472 2456 Xenophsnis
486 2385 573 2441 verba
586 2383 634 2438 hic
647 2383 733 2451 tradi3
754 2383 874 2439 fortasse
889 2383 1024 2454 Clemens,
1042 2387 1092 2455 qui
1106 2388 1160 2444 hoc

141 2465 204 2521 leco
226 2465 257 2520 id
280 2465 371 2521 solum
394 2464 454 2536 egit
476 2467 509 2519 ut
531 2462 664 2534 probaret
687 2480 721 2518 ax
739 2466 866 2519 veterum
887 2481 997 2533 quoque
1017 2469 1160 2524 sententia

143 2544 227 2599 deum
245 2561 295 2614 per
314 2544 463 2599 simulacra
482 2541 615 2613 cognosci
633 2558 690 2596 non
707 2559 803 2612 posse,
823 2542 1009 2613 complurium
1026 2563 1161 2604 versuum

142 2623 310 2679 sententiam
338 2639 409 2691 quae
437 2624 492 2678 huo
520 2638 577 2677 non
604 2621 692 2678 faciat
720 2622 842 2679 breviter
869 2623 1040 2694 significavit
1066 2629 1161 2684 verbis

139 2703 303 2773 γεννᾶσθαι
321 2699 412 2766 θεούς
430 2703 483 2774 (its.
500 2703 533 2757 ut
552 2701 589 2757 sit
607 2701 783 2758 scribendum
797 2697 885 2758 ‘aret
900 2705 996 2776 βροτοί
1014 2703 1159 2764 δοκέουσί

141 2782 302 2852 γεννᾶσθαι
320 2777 411 2846 θεοὺς
433 2777 518 2851 Ι“τὴιι
540 2778 677 2852 σφετέρην
697 2775 725 2836 δ’
747 2777 856 2852 ἐσθῆτα
875 2780 969 2851 κτί.’);
994 2785 1044 2838 sed
1066 2788 1162 2856 potest

137 2861 228 2917 ‘etium
246 2861 324 2917 aliud
344 2861 412 2930 quid
429 2861 575 2916 turbatum
589 2878 650 2917 esse
664 2861 899 2932 (improbabiliter
914 2861 1079 2934 Sylbnrgius
1095 2881 1162 2923 con·

141 2939 209 2996 iecit
227 2942 368 2997 senarium
386 2939 529 2997 Cleanthis
548 2941 631 2996 stoici
649 2943 728 3010 esse).

213 3022 240 3090 2)
260 3021 325 3090 post
339 3019 520 3076 Pittakisium
534 3020 574 3076 sic
588 3020 658 3077 haec
672 3020 819 3092 inscriptio
834 3022 970 3078 edebatur
983 3022 1013 3078 in
1028 3021 1057 3078 O.
1072 3025 1095 3082 Ι.
1112 3025 1160 3082 Gr.

141 3099 154 3152 1
172 3117 198 3154 n.
218 3099 286 3155 soeb
304 3118 331 3171 p.
352 3098 411 3156 ers.

212 3181 240 3248 3)
260 3179 301 3235 ef.
320 3177 548 3236 Schneidewinus
573 3179 604 3234 in
627 3179 695 3237 dier.
719 3183 825 3251 antiqu.
852 3186 920 3238 1835
939 3199 967 3252 p.
988 3187 1054 3253 2063
1078 3184 1159 3241 Wel-

143 3257 255 3330 okerus,
273 3261 373 3330 syllop.
387 3278 413 3314 n.
435 3265 467 3315 12
486 3278 513 3331 p.
535 3266 576 3317 1⁷.

212 3340 240 3408 4)
258 3338 331 3395 Vide
353 3356 426 3395 nunc
451 3340 480 3395 C.
498 3342 519 3396 I.
539 3340 597 3396 Att.
617 3340 658 3396 III
676 3346 806 3411 n.·1349,
830 3340 878 3398 ubi
902 3342 1010 3411 priores
1034 3343 1161 3401 editores

124 3418 228 3551 lhulp‘es
260 3421 416 3491 enarrator,
448 3437 566 3490 quorum
593 3421 700 3492 primus
728 3421 897 3493 stephanius
929 3424 1005 3478 recte
1033 3418 1162 3498 ’Όμηρον

138 3512 206 3564 egr.
994 3525 1006 3562 ῃ
