2454 3840
541 139 582 148 -
633 102 695 166 154
744 139 781 146 -
1044 124 1177 168 *amoma

590 285 733 345 XXXXII

215 395 290 468 οὐδ’
314 395 565 487 Ἀκαδημιακῶν
587 399 888 488 πλατυρημοσύνης
910 398 1097 470 ἀναλίστου

220 602 305 645 σοον.
328 585 500 645 Laertius
524 585 625 664 Diog.
649 586 693 646 IV
717 588 758 646 67
783 579 915 647 καθόλου
939 582 971 646 δὲ
994 578 1065 658 τοὺς
1084 579 1173 646 Ἀκα-

152 676 316 761 δημιακοδς
347 677 364 744 δ
398 682 500 762 Τίμων
532 674 638 744 ούιωσλ
670 675 727 766 (sie
755 683 789 742 F
809 703 865 761 pro
897 676 990 765 οὕτω)
1023 677 1170 762 διασύρει·

152 772 240 841 «οὐδ’
266 813 308 822 -
332 774 520 842 ἀναλίστου».

212 901 430 986 Ἀκαδημαϊκῶν
449 915 514 970 libri
533 909 749 985 (inordinationis
764 913 812 984 V):
831 931 901 970 corr.
916 914 990 971 Guil.
1005 914 1132 970 Dindorf
1141 915 1170 970 in

151 1004 246 1061 adnot.
262 1003 324 1061 orit.
339 1003 457 1060 Luciam
472 1005 537 1060 edit.
551 1022 579 1074 p.
590 1003 668 1059 XXII
682 1003 755 1059 hano
773 1004 864 1059 oolam
877 1003 1035 1074 legitimam
1049 1004 1169 1059 formam

152 1110 213 1148 esse
241 1089 344 1148 doeens
370 1097 374 1165 Ι
399 1089 667 1164 πλατνορημοσύνης
687 1093 747 1164 FQ
767 1095 771 1162 Ι
792 1086 943 1147 ἀναλίστου
962 1091 1168 1150 BFGHPV:

150 1178 310 1237 dootdoroo
333 1181 392 1238 Ao
412 1182 491 1237 codd.
518 1181 655 1252 Stephani
678 1184 706 1237 et
728 1183 754 1250 s3
785 1176 945 1251 ἄναλὸσιομ
966 1180 1001 1252 (λς
1030 1178 1167 1239 diademo

149 1269 182 1322 'R'
198 1268 310 1324 Schoell

217 1438 313 1480 oona.
338 1419 489 1481 consueto
512 1439 594 1482 more
617 1421 692 1481 lusit
712 1421 819 1482 Timon
839 1421 872 1481 in
889 1422 1027 1484 Platonis
1046 1424 1166 1484 nomine

149 1510 229 1596 παρὰ
251 1511 370 1598 γράμμα
393 1517 575 1596 usurpando,
600 1519 722 1580 sedhic
746 1518 839 1582 etiam
862 1520 1046 1581 acerbiorem
1067 1523 1167 1583 reddit

149 1614 250 1678 lusum
272 1617 377 1678 addita
394 1617 503 1677 insulsi
520 1617 643 1678 notione
662 1635 788 1694 eamque
807 1619 953 1696 expressit
971 1619 1070 1679 forma
1089 1626 1166 1682 oete·

148 1717 258 1794 roqnin
297 1715 436 1783 inaudite
473 1708 627 1787 ἆνάλισιος
663 1706 745 1796 (Ιοσο
782 1715 942 1776 verborum
965 1710 1085 1790 ,δνολος
1118 1720 1164 1780 vel

150 1807 275 1886 ύναλιος
297 1806 461 1896 adhibite),
485 1825 577 1890 qnam
600 1811 638 1871 ab
662 1804 749 1883 ἆλίζω
774 1813 930 1876 derivavit.

576 2123 735 2183 XXXXIH

224 2237 298 2309 οὐδ’
325 2239 378 2324 ἄρ’
400 2238 647 2323 Ἀριστοτέλους
670 2237 882 2326 εἰκαιοσύνης
904 2237 1079 2328 ἀλεγεινῆς

431 2427 551 2468 HOMRRI
573 2424 738 2469 DETORTVS
762 2424 879 2468 VERSVS

221 2528 251 2578 Ψ
267 2529 318 2579 ’101
337 2519 566 2592 παλαισμοσύνης
584 2506 733 2592 ἀλεγεινῆς
750 2523 861 2592 (eadem
880 2539 975 2578 versus
994 2523 1071 2592 sede)

125 2719 128 2726 ·
209 2707 294 2750 rnen.
316 2689 492 2754 ,Laertius
515 2689 617 2768 Diog.
641 2649 669 2754 V
695 2693 733 2749 11
764 2683 837 2750 ἀλλὰ
864 2687 914 2750 καὶ
939 2689 1040 2769 Τίμων
1068 2686 1162 2754 αύιοῦ

146 2779 308 2866 καθήψατο
331 2779 436 2847 ελκύν·
461 2779 549 2847 «οὐδ’
575 2818 616 2826 -
641 2779 821 2867 ἀλεγεινῆς».

215 2918 408 2984 εἰκαινούναις
426 2917 579 2990 ύλλογενῆς
603 2921 645 2989 Vl
662 2915 775 2991 ἀλέγειν
794 2911 828 2990 ἧς
846 2921 873 2974 Β

212 3109 307 3150 comm.
331 3090 533 3167 vituperatur
554 3107 572 3148 a
596 3088 720 3149 Timone
739 3088 915 3149 Aristotelis
937 3089 1047 3152 levitas
1070 3093 1159 3153 mise·

144 3186 261 3264 rabilis,
294 3206 386 3263 quam
417 3187 465 3246 illi
497 3187 717 3248 demonstrasse
750 3205 784 3246 eo
817 3187 901 3247 visus
929 3191 976 3247 est
1003 3189 1086 3266 quod
1112 3194 1160 3251 tot

143 3284 269 3361 physica
291 3284 391 3361 logica
414 3284 512 3345 ethica
534 3285 648 3362 placita
670 3303 724 3361 pro
748 3285 837 3345 eertie
860 3286 1028 3363 proposuit.

211 3379 351 3442 Ceterum
383 3387 509 3459 apparet
535 3382 591 3442 hoe
618 3383 654 3440 fr.
684 3400 752 3440 cum
780 3383 970 3442 antecedenti
998 3388 1082 3445 arete
1110 3404 1159 3445 eo·

143 3481 266 3541 haerere
295 3483 326 3541 et
353 3484 516 3557 utrumque
543 3480 713 3556 proximum
740 3498 805 3541 esse
827 3481 997 3558 fragmento
1022 3482 1158 3542 XXXXI.
