2452 3832
462 132 682 196 ..33-

63 293 228 353 salinarum
251 314 287 355 ex
304 295 440 373 Diogene
460 287 518 375 (VI
536 286 616 376 101)
639 295 725 356 ciculi
742 298 896 374 Διαθῆκαι
914 302 946 358 et
963 295 1080 359 Νέκυια

62 392 129 451 noli
153 384 205 472 (de
227 392 285 451 hac
307 392 375 454 vido
398 410 491 469 supra
513 411 542 468 p.
562 394 605 452 40
620 410 662 469 sq.
687 396 718 452 et
742 386 808 474 81).

133 488 220 559 Quod
243 508 314 550 vero
333 483 466 568 δράματα
489 489 571 566 apud
590 488 715 548 Suidam
736 495 768 550 ei
785 491 953 552 Endociam
971 515 999 555 v.
1013 491 1079 554 Μέ-

63 605 173 658 νιππος
186 580 316 664 κωμικός
329 589 563 646 commemorata
575 586 614 645 ad
623 587 800 664 Menippum
809 589 953 666 cynicum
966 591 1078 650 referre

61 676 387 765 voluiiMeinekius1)‚
406 683 437 741 in
457 701 491 742 co
509 699 571 742 non
586 683 686 743 minus
705 685 801 744 falsus
820 690 867 746 esi
886 705 977 764 quam
996 689 1078 766 quod

61 780 160 840 eidem
186 779 322 840 fabulam
351 782 503 858 quandam
530 780 695 857 adespoton
722 781 793 855 Δίες
821 783 998 862 inscriptam
1026 787 1077 846 ad·

61 879 197 957 signavit
218 881 369 939 refutaius
393 879 507 955 optimo
531 879 597 938 iure
620 897 639 938 a
657 878 759 939 Ricsio
783 872 826 960 (p.
844 883 884 941 10
904 881 971 940 adn.
989 873 1031 963 1).

130 974 271 1036 Ceterum
307 977 433 1036 suerrum
469 976 522 1053 qui
554 976 686 1054 maligne
720 995 822 1037 omncs
855 973 965 1038 satiras
998 997 1077 1056 quae

60 1073 197 1150 Menippi
219 1091 327 1133 nomen
350 1091 423 1152 prae
446 1089 477 1132 sc
500 1073 614 1132 ferrent
636 1074 675 1133 ab
698 1093 733 1134 eo
758 1075 930 1135 abiudicare
954 1079 1076 1156 vellent,

60 1187 130 1228 cnm
153 1170 367 1230 contenderent
389 1171 574 1247 conscriptas
598 1187 648 1232 cas
671 1188 735 1232 esse
754 1191 773 1230 a
791 1171 909 1232 duobus
927 1172 1076 1251 colopho·

59 1266 120 1325 niis
139 1268 257 1344 Zopyro
281 1272 312 1328 aa
329 1259 521 1350 Dionysi02),
546 1287 675 1349 quorum
697 1270 786 1330 illum
808 1270 959 1331 rhetorem
982 1273 1076 1332 notIs-

59 1364 179 1442 simum,
192 1365 387 1444 Menippique
402 1369 433 1426 el
443 1367 576 1428 Timonis
590 1369 747 1446 aequalem
762 1360 875 1448 (quode
890 1385 982 1444 supra
994 1387 1023 1446 p.
1035 1371 1074 1429 15

59 1455 138 1542 dixi)
162 1479 226 1522 esso
249 1467 329 1523 rocio
348 1457 567 1546 nunechius⁸)
587 1467 719 1543 monuit,
743 1465 796 1542 qni
818 1468 921 1525 lamen
941 1467 1077 1526 Timonis

59 1560 239 1636 sillographi
275 1577 384 1621 nomen
415 1561 448 1619 in
480 1561 605 1622 eandem
636 1562 812 1622 memoriam
843 1563 983 1621 infercire
1015 1581 1076 1622 non

59 1656 174 1716 debuit.
201 1676 299 1735 neque
317 1659 415 1736 magia
433 1659 556 1734 probari
573 1663 702 1734 possunt
719 1659 797 1716 mira
815 1661 992 1737 commenta,
1008 1660 1075 1736 qui·

58 1753 116 1813 bus
146 1753 226 1813 idem
254 1759 285 1815 et
317 1774 386 1814 cum
416 1759 502 1831 patre
530 1755 612 1815 filius
641 1756 846 1815 demonstrare
874 1756 976 1814 conati
1004 1760 1077 1816 suni

59 1867 205 1910 conexum
232 1851 332 1910 nescio
362 1869 452 1928 quem
479 1851 638 1911 arctiorem
666 1852 746 1911 inier
769 1851 903 1911 Timonis
931 1852 1015 1912 sillos
1045 1856 1076 1912 ei

58 1947 227 2006 Lucianum
245 1967 300 2024 per
312 1947 446 2024 Menippi
465 1949 573 2008 saluas
591 1940 822 2030 maercedere4):
846 1948 928 2026 quod
945 1949 1074 2010 fortasse

133 2159 158 2226 1)
179 2156 356 2213 (ιόιιιιίιίνλ7
375 2176 401 2227 p.
419 2163 451 2212 12
470 2160 500 2212 et
517 2160 620 2215 cladis.
635 2160 727 2216 δίνου.
742 2178 769 2229 p.
784 2167 838 2217 234
849 2179 904 2231 sq.‚
923 2162 969 2217 hic
987 2165 1074 2219 verbo

57 2232 183 2306 κωμικός
202 2237 322 2304 servato,
342 2235 401 2290 illic
419 2237 529 2292 mutato
548 2237 578 2291 in
596 2235 712 2301 κυνικός
731 2241 817 2308 (quod
834 2240 919 2310 plane
939 2241 1074 2297 aSuidaa

57 2332 114 2371 usu
132 2315 285 2385 abhorret).
322 2315 398 2370 idem
417 2315 489 2371 Com.
509 2317 558 2372 Gr.
578 2316 591 2369 I
610 2336 637 2387 p.
658 2323 711 2372 494
729 2317 881 2382 Μένιππος
904 2320 1024 2374 correxit
1042 2320 1073 2375 in

49 2395 226 2465 Ἕρμιππος,
245 2410 317 2463 quae
337 2395 456 2451 muiaiic
474 2412 566 2464 neque
584 2397 678 2468 gravis
694 2402 722 2454 et
736 2398 921 2468 Hermippum
935 2400 1073 2456 comicum

56 2475 213 2546 Κέκροπας
230 2473 375 2545 scripsisse
394 2477 517 2544 conatam
537 2477 586 2532 sed
605 2478 659 2533 hoc
673 2486 790 2548 accepto
804 2477 925 2547 primum
944 2495 1072 2535 necessa·

57 2556 101 2610 rio
120 2555 289 2609 credendum
308 2558 352 2610 est
369 2556 426 2610 lale
444 2556 577 2611 mendum
595 2554 653 2610 iam
670 2556 701 2610 in
718 2555 854 2626 Hesychii
872 2555 976 2612 Milesii
999 2559 1073 2615 libro

57 2651 142 2704 quem
157 2633 258 2688 Suidas
276 2635 423 2704 usurpavit
441 2635 572 2704 haesisse,
590 2634 692 2692 deinde
711 2637 814 2707 obstat,
836 2637 912 2705 qnod
925 2638 1074 2709 Hermippi

56 2716 170 2770 vitaer
187 2713 327 2781 Hesychio
351 2713 443 2783 petila
462 2713 568 2784 legitur
586 2716 661 2785 apud
680 2715 804 2771 Snidam.
840 2719 967 2787 praestat
985 2717 1072 2788 igItur

55 2791 130 2846 nihil
148 2795 256 2847 mutare
270 2795 299 2848 et
312 2791 476 2862 Menippum
495 2795 634 2863 qnondam
653 2795 791 2849 comicum
809 2796 925 2851 aliunde
942 2798 1072 2868 ignotum

57 2876 181 2928 statuere
203 2872 306 2943 (qualis
326 2875 370 2926 ast
387 2869 572 2942 Μενεκράτης
591 2875 666 2943 apud
687 2875 821 2943 Suidam).

130 2955 157 3022 2)
176 2953 207 3007 L.
226 2953 260 3006 D.
276 2950 317 3004 VI
333 2957 384 3006 100
403 2949 474 3006 ἔνιοι
492 2950 525 3007 δὲ
543 2948 579 3007 τὰ
599 2955 692 3026 βιβλία
706 2949 794 3007 αὐτοῦ
815 2948 868 3007 οὖν
887 2948 975 3009 αὐτοῦ
996 2953 1071 3010 εἶναι

56 3027 128 3088 ἀλλὰ
144 3034 297 3088 Διονυσίου
316 3029 366 3086 acl
385 3027 523 3100 Ζωπύρου
542 3032 598 3085 τῶν
617 3033 823 3100 Κολοφωνίων,
842 3030 871 3087 οἳ
888 3033 938 3087 τοῦ
956 3036 1069 3099 παίζειν

57 3110 144 3168 ἕνεκα
166 3111 325 3183 γράφοντες
349 3105 482 3166 ἐδίδοσαν
505 3106 583 3183 αὐτῷ
608 3106 645 3174 ὡς
665 3103 696 3164 εὖ
721 3109 872 3183 δυναμένῳ
896 3111 1068 3170 ascalonas:

56 3193 185 3262 agnoscis
202 3192 268 3247 libri
286 3190 389 3247 famosi
407 3193 537 3246 naturam
556 3191 591 3245 de
609 3207 665 3259 qna
683 3191 748 3246 dixi.

128 3273 157 3342 8)
176 3273 282 3342 proleg.
301 3269 537 3327 inLucian.112
556 3287 583 3340 p.
598 3269 751 3336 XXXVIII,
771 3270 818 3338 qui
836 3289 864 3341 p.
882 3272 930 3326 XL
949 3273 1070 3330 coniecit

55 3348 133 3418 apud
147 3349 291 3404 Laertinm
304 3349 481 3406 scribendum
495 3344 638 3406 assacinis
653 3349 804 3421 (Τίμωνος
817 3350 887 3424 καί)
901 3354 1070 3422 Διονυσίοις

55 3427 91 3483 ci.
111 3429 196 3484 eiiam
216 3429 391 3484 Niciaschius
409 3447 470 3500 prg.
490 3427 574 3484 Basil.
596 3434 665 3484 1870
683 3447 711 3498 p.
731 3434 774 3484 32.

127 3511 155 3580 4)
170 3509 201 3564 F.
211 3507 246 3565 V.
255 3508 425 3564 Fritzschius
439 3507 546 3583 proleg.
561 3528 590 3584 p.
599 3509 721 3568 XXXVI
733 3511 765 3566 ei
774 3507 1096 3568 TuscuTimnsch-as.

899 3595 938 3650 Q*
