2438 3832
31 143 34 148 ’
61 167 146 208 ran
451 176 493 185 -
541 139 605 204 169
654 176 692 184 -

64 306 256 368 aMeinelrio
279 305 466 382 restitutum,
492 304 657 364 secundum
679 301 866 382 Hesychium
890 295 1016 385 (λαξόου
1040 305 1081 367 oi·

62 397 201 482 ποδόμοι·
231 394 403 485 λιθουργοί)
435 401 599 479 lapicidam
631 402 795 480 significat,
828 408 920 482 atque
953 399 1083 484 quadrat

63 521 136 563 sane
169 501 282 578 optime
311 500 385 560 haec
414 517 535 578 quoquc
561 498 660 576 notio,
693 500 836 578 quoniam
860 520 878 560 a
900 502 1015 563 Duride
1040 496 1083 586 (v.

64 591 183 682 supra),
205 599 304 659 Plinio
327 602 389 658 nat.
417 599 487 657 hist.
508 587 637 656 XXXVI
656 599 711 674 32,
734 596 886 657 Pausania
907 599 923 658 I
943 603 993 680 22,
1013 595 1032 662 8
1053 607 1083 662 et

63 697 110 756 IX
138 698 193 775 35,
220 699 237 756 7
271 696 339 756 aliis
371 696 520 756 traditum
552 697 582 754 et
614 693 761 754 creditum
794 701 839 755 cst
868 697 1084 776 philosophum

64 793 289 854 adulescentem
317 794 433 870 pariter
460 797 552 871 atque
579 794 699 869 patrem
727 787 910 868 sculptorum
935 794 1030 856 fuissc
1053 803 1084 859 et

64 891 203 952 Charites
234 894 265 952 ιἰι
287 893 414 967 propylo
441 889 661 973 Atheniensium
688 891 803 950 fecisse.
850 892 901 951 sed
929 886 1091 954 sciendum

65 981 126 1067 est,
159 990 344 1068 singularem
376 989 505 1049 alteram
534 988 672 1048 intulisse
704 988 795 1048 verbo
823 993 1006 1066 potestatem
1034 992 1083 1050 Ti-

64 1106 195 1164 monem,
214 1106 275 1165 qua
293 1080 412 1164 ‘populi
425 1079 603 1163 perpolitor’
618 1089 812 1163 nuncupator
827 1085 974 1166 Socrates,
994 1109 1084 1166 quem

64 1188 173 1244 notum
206 1189 252 1244 est
283 1185 419 1245 homines
447 1184 484 1244 de
511 1183 599 1261 plebe
627 1187 779 1261 quotquot
806 1184 835 1242 ei
862 1184 982 1246 obviam
1009 1187 1084 1248 facti

65 1285 139 1340 sunt
170 1281 392 1342 confabulando
425 1282 463 1341 ad
490 1282 681 1342 honestatem
706 1282 836 1341 formare
865 1285 896 1342 et
923 1283 1082 1346 instituere

65 1378 227 1440 studuisse.

135 1473 345 1556 ἐννομολέσχης
371 1474 553 1536 vocabulum
576 1477 639 1553 ipse
663 1476 747 1536 cudit
769 1463 862 1553 poeta
885 1475 923 1537 ad
946 1498 1082 1542 normam

65 1561 284 1652 Aristophanci
315 1569 545 1653 μετεωρολέσχου
575 1573 614 1632 ad
641 1573 847 1633 denotandum
868 1574 1082 1654 philosophum

65 1673 120 1750 qui
138 1672 175 1731 de
192 1671 327 1732 honestis
346 1670 509 1748 probisque
528 1670 663 1730 moribus
679 1672 895 1732 sermocinatus
910 1674 951 1733 sit
964 1693 1082 1754 semper

65 1771 99 1830 ct
120 1769 241 1846 ubique.
1110 1765 1113 1782 ’

134 1865 184 1924 Ad
206 1865 390 1925 illustranda
412 1864 505 1926 verba
522 1858 675 1944 Ἑλλήνων
698 1861 838 1940 ἐπαοιδός
856 1870 956 1928 nescio
976 1865 1015 1930 an
1033 1891 1083 1932 ne·

65 1965 161 2042 queat
183 1961 280 2040 magis
301 1962 443 2023 idoneum
462 1961 671 2024 testimonium
689 1963 790 2025 afferri
809 1985 901 2043 quam
920 1967 1012 2029 verba
1029 1970 1084 2031 illa

63 2061 223 2140 praeclara
247 2060 357 2138 quibus
373 2061 527 2122 Socratem
540 2059 713 2122 Alcibiades
731 2062 764 2120 in
777 2062 914 2123 Platonis
931 2069 1084 2144 symposio

66 2155 226 2238 descripsit
244 2178 268 2219 c.
289 2162 330 2220 32
350 2179 379 2237 p.
396 2152 478 2220 215⁰
494 2178 536 2237 sq.
574 2151 589 2220 ὃ
614 2156 667 2235 μέν
689 2181 721 2241 με
741 2153 920 2241 (Μαρσύας)
939 2157 979 2223 δι’
997 2158 1084 2245 ὀργά-

66 2277 130 2315 νων
153 2250 365 2335 ἐκήλειιοδς
388 2250 570 2334 ἀνθρώπους
592 2258 627 2338 τῇ
651 2250 709 2317 ἆπδ
729 2258 781 2318 τοῦ
801 2251 940 2336 στόματος
960 2256 1084 2342 δυνάμει

66 2397 97 2414 ..
118 2399 147 2414 ..
175 2347 211 2414 σὺ
239 2347 267 2413 δ’
295 2343 333 2435 (ὦ
356 2346 526 2436 Σώκρατες)
557 2351 672 2414 ἐκείνου
693 2355 836 2416 τοσοῦτον
864 2350 958 2434 μόνον
981 2357 1082 2438 διαφέ-

66 2469 139 2527 ρεις,
162 2444 206 2511 ότι
228 2445 302 2512 όὶνευ
325 2444 463 2533 ὀργάνων
484 2454 585 2530 ψιλοῖς
607 2443 706 2531 λόγοις
728 2445 859 2513 ταύτὸν
881 2456 966 2515 τοῦτο
990 2463 1084 2534 ποιεῖς

67 2593 163 2608 .....
183 2543 304 2608 ἒπειδδιν
331 2545 363 2610 δὲ
391 2551 446 2610 σοῦ
474 2571 517 2623 τις
545 2542 642 2630 incip
662 2595 668 2608 .
685 2595 690 2608 .
707 2595 735 2607 ..
755 2542 809 2609 ἐόν
830 2570 859 2609 τε
886 2543 962 2630 γυνὴ
986 2545 1082 2640 <incip

67 2636 121 2704 ἐόν
138 2663 168 2704 τε
186 2636 263 2722 ἀνὴρ
282 2639 335 2706 ἐάν
353 2667 383 2706 τε
401 2641 565 2725 μειράκιον,
584 2643 815 2727 ἐκπεπληγμένοι
833 2643 919 2726 ἐσμὲν
937 2647 987 2710 καὶ
1001 2639 1083 2715 nuci·

65 2734 188 2820 χόμεθα.
230 2735 287 2821 ἐγὼ
304 2745 381 2822 γοῦν
400 2790 406 2801 .
467 2792 472 2804 .
489 2791 495 2803 .
514 2738 586 2804 icco
676 2737 788 2820 όυιοόω,
810 2738 888 2805 πολύ
906 2768 956 2824 μοι
974 2751 1084 2826 μᾶλλον

33 2827 35 2831 ’
64 2829 166 2913 isoio
186 2835 510 2917 κορυβαντιοόνιων
528 2835 548 2919 ἥ
566 2860 598 2899 τε
614 2839 722 2918 καρδία
740 2838 822 2923 πηδᾷ
840 2838 889 2900 καλ
909 2837 1025 2921 δάκρυα
1038 2844 1083 2907 ἐκ·

66 2935 158 3013 χεῖται
189 2928 249 2995 ὑπὸ
281 2938 340 2996 τῶν
371 2930 469 3016 λόγων
499 2939 560 2996 τῶν
590 2931 704 2997 τούτου.
751 2931 810 3014 δρῶ
841 2932 874 2995 δὲ
900 2935 950 2996 aui
978 2935 1084 3016 δι’λλους

66 3025 303 3110 παμπόλλους
325 3025 360 3092 tit
383 3025 458 3093 αὐτὰ
480 3027 654 3111 πάσχοντας.

135 3119 329 3210 όιιιριβολόγος
362 3131 462 3190 solum
494 3130 551 3190 hoc
578 3131 644 3190 loco
672 3131 799 3208 legitur3
831 3130 955 3192 usitatis
982 3139 1084 3196 autem

66 3226 167 3288 verbis
199 3219 457 3309 ἀκριβολογεῖσθαι
490 3231 521 3288 et
552 3221 742 3308 ἆνριβολομίιι
774 3241 843 3286 cum
869 3229 959 3292 facile
987 3234 1084 3297 subsit

66 3323 152 3383 notio
175 3324 264 3384 nimis
288 3325 442 3387 subtiliter
464 3325 641 3403 disputandi
663 3328 694 3385 ct
713 3325 856 3403 quoniam
876 3326 1030 3391 Socratem
1047 3337 1085 3394 ut

66 3419 239 3500 prudentia,
258 3423 438 3502 subtilitate,
457 3425 631 3502 eloquentia
648 3423 783 3484 omnium
797 3426 985 3488 eruditorum
998 3431 1084 3488 testi-

67 3518 169 3578 monio
187 3519 355 3598 principem
373 3521 468 3583 fuisse
487 3521 625 3584 affirmat
636 3521 747 3586 (liceto
766 3522 807 3582 da
826 3519 1129 3586 sissimus&
