2452 3832
453 85 673 155 ..63-

54 277 120 337 rquo
149 257 231 334 apud
255 256 494 333 Theodoretum,
518 253 571 314 Gr.
596 255 644 327 aff
670 271 729 313 ear.
750 253 798 313 III
823 255 862 313 72
882 273 911 330 p.
931 254 988 330 49,
1009 244 1075 335 26),

56 356 112 416 ubi
135 355 242 414 traditi
266 358 337 416 sunt
360 371 431 412 sane
454 352 486 411 hi
509 353 569 412 duo
593 369 699 413 versus

124 463 187 530 ἄλλ’
214 468 245 530 ολ
265 465 364 548 βροτοὶ
388 467 511 530 δοκοῦσι
533 470 697 548 γεννᾶσθαι
719 458 827 544 θεούς,

125 561 180 645 τὴν
204 555 347 645 σφετέρην
369 560 398 626 δ’
423 559 568 648 ἒσθῆταῑ)
592 563 667 645 ἔχειν
690 559 799 643 φωνήν
821 584 850 625 τε
874 559 963 642 δέμας
985 583 1022 622 τε.

129 682 187 741 Sed
219 685 255 741 ut
282 686 385 758 aperte
413 682 511 741 dicam
535 681 615 758 qnod
638 680 749 757 sentio,
781 680 870 757 plane
894 679 1075 739 abhorrete

59 784 171 841 natura
190 779 370 856 antiquioris
388 797 513 856 poeseos
531 779 603 838 talis
621 781 787 837 metrorum
806 777 950 836 confusio.
983 776 1078 835 distat

61 879 141 938 onim
170 876 252 936 hand
279 877 418 953 paullum
446 876 527 953 quod
553 877 596 934 in·
614 895 722 954 genere
745 893 869 952 poeseos
892 873 1076 934 ludibundae

61 975 267 1052 compluribus
308 973 488 1033 hexametris
531 972 719 1032 subiectus
762 976 808 1033 est
850 972 1001 1056 senarius,
1041 975 1078 1031 ut

61 1072 212 1148 Margitae
237 1071 391 1131 exordium
413 1071 470 1130 hoc
492 1069 565 1130 fuit:

59 1209 62 1216 ·
176 1175 251 1265 ἦλθέ
273 1208 317 1259 τις
339 1185 381 1258 εἰς
403 1187 572 1264 Κολοφῶνα
594 1183 688 1266 γέρων
710 1182 759 1246 καλ
781 1186 865 1258 θεῖος
887 1177 1003 1262 ἀοιδός,

177 1278 335 1346 Μουσάων
356 1277 500 1360 θεράπων
522 1279 571 1343 καὶ
594 1277 738 1362 ἑκηβόλον
757 1277 959 1360 Ἀπόλλωνος,

268 1380 356 1462 φίλης
379 1377 454 1460 ἔχων
476 1377 509 1440 ἕν
526 1377 630 1460 ,χερσὶν
653 1375 826 1461 εὕφθογγον
848 1375 955 1459 λύρην,

63 1502 95 1558 et
126 1502 259 1558 testatur
289 1497 403 1556 Marius
436 1495 624 1575 Victorinus,
657 1501 712 1556 art
740 1515 863 1572 ηναννν.
891 1495 939 1555 ΙΠ
961 1517 990 1574 p.
1016 1497 1078 1556 133

63 1596 141 1655 Keil.
165 1597 276 1656 ductas
298 1595 468 1670 pluribusve
495 1593 667 1655 λοαοννολνλο
694 1596 861 1668 antepositis
882 1587 928 1666 (ia
946 1594 1080 1668 Mcrqtta

64 1693 225 1769 Homerus)
257 1696 345 1753 νὀλννο
373 1690 547 1765 (senariam)
575 1692 717 1750 satutem
745 1692 895 1765 copulavit.
942 1689 1082 1750 similiter

65 1790 142 1851 dixit
171 1789 339 1850 Carneades
371 1789 403 1846 in
430 1787 597 1847 Mentorem
629 1786 811 1864 discipulum
837 1788 956 1865 inpium
985 1780 1079 1869 (apud
1143 1815 1150 1830 ·

64 1889 166 1948 Laert.
189 1889 277 1966 Diog.
301 1884 345 1946 IV
371 1878 427 1968 63)

181 2002 321 2064 πωλεῖταί
340 2024 382 2074 τις
405 2000 492 2079 δεῦρο
513 1997 609 2082 γέρων
632 1994 714 2073 ἅλιος
736 1994 895 2081 νημερτής,

180 2097 315 2177 Μέντορι
337 2091 488 2176 εἰδόμενος
509 2091 585 2177 ἠμὲν
608 2094 698 2176 δέμας
720 2091 774 2176 ἠδὲ
796 2095 847 2158 καὶ
868 2090 978 2177 αὐδήν·

272 2197 377 2258 τοῦτον
398 2197 504 2273 σχολῆς
524 2188 607 2272 τῆσδ’
633 2191 848 2276 ἐκκεκηρῦχθαι
870 2191 953 2277 λέγω.

68 2315 131 2374 alia
150 2313 286 2390 exempla
304 2330 365 2371 non
382 2329 505 2388 prorsus
523 2312 610 2389 paria
628 2315 764 2371 attamen
782 2311 813 2370 in
828 2311 1083 2389 comparationem

65 2409 203 2474 vocanda
225 2410 316 2470 habos
340 2410 372 2468 in
394 2409 549 2471 Eiresione
572 2409 697 2470 Homeri
720 2409 768 2470 vel
795 2409 827 2468 in
856 2409 1082 2488 epigrammatis

65 2529 95 2568 n.
119 2511 185 2570 450
209 2510 239 2568 et
263 2509 326 2570 588
350 2507 490 2569 Kaibelii.

136 2606 194 2666 Sed
218 2605 350 2666 senarios
372 2605 553 2666 hexametris
576 2606 640 2665 sine
663 2607 718 2666 illa
739 2605 857 2665 ratione
880 2605 1085 2684 interpositos,

67 2721 159 2782 qnam
182 2703 302 2780 egregie
326 2703 484 2782 descripsit
501 2703 677 2764 Welckerus
702 2694 768 2784 (der
789 2703 976 2764 Homertscte
998 2703 1084 2763 Mar·

63 2803 138 2878 cites
156 2818 230 2860 mus.
250 2800 343 2860 Rhen.
360 2800 404 2859 XI
420 2821 449 2876 p.
465 2801 528 2860 505
610 2801 661 2862 Κλ.
675 2800 755 2860 sor.
770 2800 814 2858 [V
826 2821 856 2877 p.
872 2793 938 2882 33),
958 2801 1083 2878 antiquo

66 2902 176 2976 poetae
205 2916 223 2956 a
251 2897 337 2956 cuius
365 2897 516 2974 gravitate
543 2897 674 2974 pusillus
702 2897 788 2958 lusus
816 2913 939 2972 prorsus
967 2897 1084 2958 alienus

68 3002 116 3058 est
142 2995 227 3054 nefas
253 3013 309 3074 ego
338 2994 414 3054 duco
438 2993 612 3054 attribuere.
665 2993 781 3054 accedit
809 2992 889 3070 qnod
917 2994 1086 3070 complures

69 3094 228 3155 continuos
260 3093 449 3152 hexametros
482 3091 618 3152 videmus
651 3091 740 3150 certis
773 3089 960 3168 argumentis
988 3091 1085 3151 Xeno-

68 3191 178 3269 phanis
210 3190 287 3250 sillis
320 3189 475 3269 adsignari
503 3206 603 3267 posse,
635 3189 771 3266 singulos
796 3207 916 3266 quoque
939 3190 1085 3266 quosdam

70 3288 191 3348 disertis
214 3285 404 3366 testimoniis,
429 3287 481 3347 sed
503 3286 627 3346 unicum
648 3287 727 3346 illud
745 3305 804 3365 quo
824 3285 908 3346 nisus
928 3291 974 3347 est
991 3287 1085 3348 Wila-

144 3475 171 3544 1)
191 3472 243 3544 'dv
262 3473 401 3544 σφετέρην
423 3471 532 3544 ἐσθῆτά
552 3469 624 3550 <τ’>
645 3472 719 3546 ἔχειν
739 3472 913 3531 Karstenius
926 3491 962 3541 p.
975 3478 1029 3523 aa.
