2452 3832
544 133 766 198 ..34-

146 303 246 360 sectae
264 296 403 361 medicos.
419 297 536 374 'itaque
555 296 705 373 saeptione
718 297 768 357 vel
783 297 943 373 empiricos
962 298 1055 358 fuerit
1068 298 1171 377 Apol÷

145 387 304 477 Ionides¹).
324 423 378 444 -v
391 394 446 454 sed,
466 399 655 456 revertamur
677 395 715 454 ad
739 392 903 456 Timonem.

186 493 278 552 lam
310 491 426 569 delepsi
457 509 563 552 sumus
595 491 634 550 ad
665 509 716 551 eos
749 491 910 569 scriptores
947 499 1077 570 quornm
1109 514 1173 572 per

144 592 238 651 libros
251 589 440 666 ,superstites
464 589 601 649 sillomm
623 589 770 666 reliquiae
795 593 947 667 quotquot
969 591 1031 650 fere
1055 597 1127 652 sunt
1136 585 1168 674 8)

145 689 185 747 ad
206 707 261 748 nos
283 691 498 766 pervenerunt,
527 688 666 746 auctores
689 686 815 746 alterius
838 690 870 746 et
892 688 978 748 tertii
999 693 1069 766 post
1093 688 1168 750 Chr.

146 786 266 847 saeculi.
313 803 348 845 ac
370 785 503 862 primum
525 784 649 862 quidem
676 784 916 846 litteratissimus
944 787 1169 864 grammaticus

143 884 356 944 Athenaeus
375 882 468 944 etiem
486 881 571 942 sillcs
589 873 774 963 lectitavit³)
796 886 826 941 ct
845 883 1001 960 excerpsit,
1020 888 1169 961 excerpta.

143 982 239 1042 doctis
262 981 415 1058 Iuppiter!
446 983 477 1041 et
503 979 663 1039 laboriosis
694 978 747 1038 sed
772 981 969 1057 neglegenter
996 981 1163 1042 admodum

143 1078 373 1140 conscribiiletis
402 1077 465 1167 suis
487 1075 752 1153 Deipnos'cphistis
779 1076 908 1137 inscruit
930 1077 974 1138 ite
997 1081 1100 1137 tamen
1123 1085 1168 1142 ut

142 1195 203 1236 uno
227 1179 306 1235 certe
328 1174 396 1235 loco
420 1166 471 1254 (fr.
495 1165 554 1255 44)
574 1171 715 1233 >convinci
741 1173 840 1249 possit
867 1193 1014 1236 conexum
1041 1180 1166 1237 senten·

142 1273 256 1332 tiaram
274 1289 344 1331 oum
362 1273 502 1347 excerpta
520 1270 756 1346 illansurparet
773 1273 919 1332 memoria
936 1292 997 1333 non
1015 1274 1166 1335 tenuisse.

142 1372 231 1446 longe
254 1387 326 1429 vero
348 1367 482 1446 plurima
509 1368 681 1445 fragmenta
708 1369 907 1430 innotuerunt
933 1373 998 1448 per
1013 1372 1166 1449 sceptico·

141 1486 210 1526 rum
238 1484 373 1544 operam,
403 1465 550 1525 Sextum
573 1465 795 1542 Empiricum
823 1466 888 1527 dico
917 1471 948 1528 et
970 1468 1164 1529 Leontium

141 1565 348 1642 Diogenem.
394 1583 524 1642 quorum
546 1563 599 1622 ille
621 1563 703 1640 ipsos
726 1563 823 1641 sillos,
847 1565 966 1643 opinor,
989 1565 1078 1644 legit,
1108 1567 1165 1627 hic

141 1663 244 1740 aliqua
267 1681 303 1722 ex
325 1665 412 1739 perte
435 1661 584 1739 Antigoni
605 1657 738 1737 Carystii
759 1662 861 1738 copias
884 1654 1072 1744 expilavit4),
1096 1655 1165 1723 elia,

140 1762 268 1820 fortasse
296 1779 332 1820 ex
359 1759 428 1820 eliis
455 1757 627 1836 praecipuis
658 1758 791 1818 vitarum
824 1777 948 1818 suarum
981 1759 1164 1821 auctoribus

139 1858 254 1935 hausit,
278 1858 330 1916 scd
349 1875 384 1916 ca
403 1875 481 1932 quae
499 1857 549 1917 vel
571 1856 659 1915 initio
682 1857 731 1915 vel
755 1856 811 1915 sub
829 1855 920 1916 finem
937 1856 1019 1918 vitae
1039 1857 1163 1917 adicere

140 1955 217 2014 solet
240 1973 276 2012 ex
297 1954 479 2031 Apollonide
506 1952 651 2032 petiverit
673 1944 747 2034 (nisi
770 1954 928 2032 statueris,
953 1953 1163 2032 quodminus

138 2051 308 2128 probabile,
331 2051 431 2127 ipsum
455 2050 548 2110 etiam
569 2050 726 2110 Laertium
749 2050 834 2111 sillos
861 2052 940 2112 inter
966 2069 1075 2111 manus
1102 2052 1174 2122 har
1216 2081 1217 2088 .

40 2185 41 2188 =
137 2139 263 2229 baisse).
299 2147 360 2206 iem
383 2166 455 2209 vero
479 2147 610 2224 sceptica
636 2148 828 2225 philosophia
849 2167 904 2225 per
921 2148 1159 2209 Aenesidemum

137 2244 317 2303 resuscitata
339 2245 454 2304 factum
477 2246 536 2321 est,
559 2249 596 2304 ut
617 2245 781 2305 acerrimus
800 2246 865 2306 eius
884 2245 1074 2306 adversarius
1093 2248 1158 2306 exi·

138 2344 231 2402 steret
244 2341 450 2401 Aristocles
472 2341 702 2420 peripateticus,
727 2343 780 2418 qui
797 2343 934 2419 ipsorum
952 2344 1157 2420 scepticornm

138 2439 322 2516 compendiis
338 2434 340 2438 ’
355 2439 536 2517 quibusdam
566 2431 676 2520 usus⁶)
710 2439 748 2498 ad
780 2459 884 2500 eorum
910 2441 1024 2517 placite
1050 2441 1158 2519 profli-

210 2646 236 2712 1)
255 2643 355 2711 Neque
370 2645 413 2697 est
426 2658 476 2697 cnr
490 2658 553 2696 cum
564 2642 782 2700 Wilamowitnio
796 2646 963 2715 statuamus,
979 2645 1066 2700 verba
1079 2642 1161 2716 noeo'·

136 2718 216 2791 ἡμῶν
239 2738 295 2776 non
320 2721 482 2789 aLcertic,
508 2721 558 2776 sed
581 2722 740 2792 asceptico
763 2724 884 2793 quedem
907 2727 1021 2780 anctore
1045 2723 1158 2794 scripte.

136 2806 165 2856 et
182 2817 234 2871 per
251 2799 332 2856 illum
351 2803 457 2856 temere
475 2800 578 2856 iterate
594 2817 668 2857 esse:
687 2802 752 2858 vide
771 2819 854 2874 supra
871 2803 935 2858 adn.
955 2808 971 2859 5
991 2804 1028 2859 ad
1044 2821 1073 2874 p.
1089 2811 1113 2861 9.

207 2884 234 2951 2)
254 2881 371 2951 Singula
389 2882 527 2951 quaedam
545 2881 719 2951 fragmenta,
738 2899 811 2952 quae
830 2883 964 2939 exhibent
981 2882 1156 2940 Plutarchus

135 2963 183 3032 (2),
199 2959 323 3016 Galenus
338 2963 386 3031 (1),
402 2961 510 3017 Gellius
523 2963 571 3032 (1),
585 2961 740 3017 Numenius
755 2980 801 3033 ap.
813 2963 914 3018 Euseb.
930 2965 977 3033 (1),
992 2962 1042 3033 qui
1055 2962 1159 3021 hausit

135 3058 169 3096 ex
189 3042 332 3113 Antigono
351 3041 397 3111 (cf.
412 3039 645 3098 Wilamowitaius
662 3060 690 3112 p.
707 3047 777 3112 128),
796 3043 916 3110 deniqne
935 3042 1063 3098 Clemens
1083 3042 1156 3099 Ale-

132 3122 286 3177 xandrinus
307 3122 360 3192 (3),
379 3120 426 3176 hic
451 3121 564 3190 emittm
595 3137 667 3191 qnae
690 3138 756 3178 vero
779 3121 916 3178 Eusebius
939 3120 969 3177 in
989 3138 1086 3192 praep.
1111 3140 1155 3178 ec.

133 3201 249 3271 profert,
268 3218 331 3256 cum
350 3218 384 3257 ex
398 3200 537 3257 Numenio
551 3204 612 3257 tum
627 3217 661 3258 ex
674 3201 812 3257 Aristoclc
827 3203 857 3256 et
871 3202 1014 3258 Clemente
1032 3203 1069 3257 sd
1088 3219 1157 3257 ver·

133 3282 200 3335 bum
219 3280 362 3350 descripta
381 3282 453 3337 sunt.

180 3369 185 3380 ·
205 3364 233 3430 d)
252 3359 346 3416 Semel
363 3362 458 3415 temen
478 3361 522 3428 (fr.
542 3365 586 3430 30)
606 3363 780 3432 Antigonum
799 3359 955 3431 descripsit.

199 3444 230 3500 Δ)
248 3439 288 3494 Of.
307 3440 430 3496 indicem
449 3439 587 3512 Antigoni
604 3440 853 3497 Wilamcwitcicni
871 3457 898 3511 p.
919 3444 979 3496 356.

182 3520 213 3584 o)
235 3517 278 3572 Οἱ.
303 3519 543 3578 Wilamowitzius
563 3541 591 3594 p.
612 3526 674 3577 128.
