2438 3832
78 159 129 201 ra.
143 159 184 201 nx
464 169 505 178 -—
553 133 617 197 183
665 169 706 177 -

80 318 159 376 qnae
187 299 261 358 scite
290 301 362 357 sunt
389 296 561 375 excogitata
588 313 624 355 eo
651 296 844 372 potissimum
870 301 1006 375 tempore
1034 318 1093 376 quo

79 397 215 456 omnium
238 394 468 455 admirationem
492 393 570 451 illud
592 386 745 472 πάναχρον
767 394 871 455 movit.

146 493 346 569 Philosophos
364 493 396 550 in
415 490 600 569 quotidianis
623 490 720 548 musei
742 491 888 551 conviviis
911 511 971 552 non
993 493 1093 552 minus
1154 565 1159 578 .

81 609 173 667 quam
200 591 385 667 philologos,
409 590 445 649 de
469 586 579 666 quibus
607 589 714 646 notum
741 591 788 647 est
813 588 967 664 praeclare
996 591 1092 668 egisse

79 687 240 747 Lehrsium
261 688 294 747 in
316 686 486 746 Aristarchi
507 684 556 744 eui
578 683 648 742 diss.
671 683 719 743 HI
741 702 805 763 cap.
828 684 881 762 IV,
905 686 944 744 ad
972 686 1094 747 doctam

80 786 293 862 garrulitatem
315 803 346 844 se
366 784 528 844 accinxisse
551 784 583 840 et
606 780 642 840 de
661 781 890 859 quaestionibus
912 785 1093 860 praepositis

79 883 191 942 acriter
208 883 287 943 inter
305 900 337 942 se
356 883 518 942 altercatos
536 897 601 940 esse
620 882 727 955 sponte
745 881 839 955 patet.
869 897 967 955 neque
986 878 1093 939 dubito

81 980 157 1058 quin
170 979 270 1042 verbis
284 976 433 1058 βιβλιακοὶ
446 981 598 1057 χαρακῖται
611 976 724 1036 eruditi
738 969 887 1037 ‘docteres
901 970 1091 1036 umbratiles'

80 1078 281 1155 castigentur,
310 1077 363 1154 qni
390 1077 536 1136 immensa
563 1073 711 1134 librorum
737 1074 825 1150 copia
853 1074 960 1151 stipati
983 1106 1024 1115 —
1048 1073 1093 1131 in-

80 1173 186 1233 audita
204 1192 275 1234 vero
295 1173 476 1250 scriptorum
494 1171 692 1232 multitudine
714 1170 899 1231 bibliotheca
920 1171 1006 1249 regia
1026 1174 1094 1230 tum

79 1270 224 1331 inclaruit
255 1301 293 1313 —
321 1271 354 1330 in
384 1287 489 1330 museo
521 1269 731 1329 delitescentes
760 1269 857 1346 ipsius
890 1269 971 1331 vitae
1003 1287 1093 1328 usum

78 1384 202 1443 prorsus
222 1371 427 1445 aspernentur.
459 1367 586 1428 verbum
603 1367 705 1444 ipsum
721 1385 793 1428 uero
812 1385 831 1425 a
845 1367 970 1426 Timone
987 1366 1093 1426 fictum

79 1481 150 1523 cnm
182 1464 464 1544 Schweighaeusero
495 1466 555 1526 vol.
582 1464 599 1523 I
624 1485 653 1541 p.
681 1467 743 1524 180
777 1466 808 1523 et
835 1463 985 1524 Meinelrio
1014 1464 1092 1522 anal.

79 1563 120 1620 ad
137 1563 246 1624 Athen.
269 1585 298 1641 p.
313 1568 356 1648 Ι11
382 1564 421 1622 ad
444 1557 535 1640 χάραξ
556 1561 762 1622 revocaverim
785 1552 819 1640 (a
840 1554 990 1638 χαράτιειν
1013 1561 1093 1619 certe

80 1659 251 1721 derivatum
271 1660 430 1737 quominus
445 1653 618 1735 ‘scriptores
631 1651 789 1716 librorum'
807 1656 976 1734 significare
992 1673 1092 1714 sumas

79 1775 150 1816 eum
178 1756 368 1834 Oasaubono,
400 1755 570 1832 impediunt
600 1755 683 1832 leges
715 1746 953 1835 grammaticae).
1000 1757 1091 1830 atque

78 1855 253 1930 putaverim
282 1857 318 1913 ut
345 1843 535 1934 papnxlne(?)
564 1852 729 1911 seeundum
751 1849 938 1928 Hesychium
966 1852 1038 1909 sunt
1065 1849 1096 1908 οἵ

80 1947 114 2008 ἐν
136 1954 196 2021 τοῖς
219 1942 323 2029 χάραξι
346 1949 556 2028 διατρίβοντες,
584 1949 627 2008 sic
654 1947 810 2026 χαραιιίιας
837 1966 900 2007 esse
930 1947 984 2025 qui
1006 1945 1092 2004 libris

79 2049 237 2122 tamquam
257 2047 338 2108 vallo
357 2046 569 2123 circumsaepti
586 2046 711 2123 degant:
734 2045 766 2103 id
785 2046 867 2122 quod
886 2045 998 2122 optime
1018 2062 1092 2122 qua·

80 2143 157 2202 drat.
195 2144 253 2224 vqui
275 2147 377 2202 tamen
400 2143 480 2202 inter
501 2141 720 2203 Alexandrinos
743 2142 939 2219 philosophos
959 2173 1001 2182 -
1020 2160 1093 2202 enu-

79 2243 177 2299 merat
196 2259 246 2300 eos
264 2244 335 2318 post
347 2239 521 2318 Matterum,
540 2236 924 2316 ecoled’Alec.p.119sqq.
947 2240 1092 2316 Rohdius,

78 2337 184 2410 oricola.
201 2337 326 2397 Roman.
348 2359 376 2414 p.
398 2339 460 2398 208
486 2337 552 2396 adn.
568 2339 602 2413 4,
626 2335 735 2412 quibus
759 2355 828 2396 cum
852 2335 1033 2396 schwartzio
1057 2355 1093 2394 ex

79 2431 218 2494 Aristeae
238 2435 369 2512 epistula
387 2456 416 2512 p.
432 2437 483 2513 48,
499 2437 541 2495 20
561 2434 715 2494 addendus
733 2434 926 2493 Menedemus
946 2425 997 2514 (cf.
1016 2450 1092 2494 mus

79 2530 171 2591 Rhen.
180 2531 235 2590 XL
245 2553 273 2609 p.
285 2535 349 2594 260
364 2532 432 2592 adn.
442 2525 476 2614 2)
491 2564 527 2574 -
544 2532 643 2592 Musei
657 2532 774 2602 sodales
787 2531 911 2608 fuerim,
925 2530 1091 2608 ignoratur.

148 2626 207 2686 Sed
235 2647 288 2689 cur
315 2633 405 2704 poeta
432 2627 465 2690 ἐν
488 2624 629 2710 Αἰγύπτῳ
653 2622 817 2710 πολυφύλῳ
846 2627 947 2688 dixit?
976 2629 1092 2706 opiner,

80 2721 162 2799 quod
193 2725 225 2782 in
257 2726 415 2784 nationum
446 2728 506 2787 isto
539 2726 739 2786 conciliabulo
767 2726 849 2804 quod
875 2727 929 2786 illc
955 2729 1092 2803 tempore

73 2818 282 2878 ,Alexandriae
313 2822 506 2898 potissimum
536 2823 609 2899 fuit,
642 2823 734 2881 etiam
763 2823 820 2882 hoc
846 2823 1035 2882 rarissimum
1062 2825 1093 2881 et

78 2915 133 2973 illa
166 2918 267 2976 aetate
298 2936 394 2994 paene
428 2919 662 2978 intermortuum
693 2918 850 2978 hominum
882 2936 978 2995 genus
1009 2917 1093 2976 nasci

78 3013 127 3074 vel
150 3012 273 3073 aliunde
295 3015 494 3091 importatum
516 3014 600 3092 pasci
623 3013 792 3090 significare
815 3014 922 3074 voluit.

146 3107 288 3168 Ceterum
315 3129 394 3187 quae
418 3112 455 3170 de
478 3111 525 3171 his
548 3109 685 3172 versibus
709 3115 830 3171 enan-at
853 3110 999 3188 Sharpius
1021 3111 1091 3172 hist.

78 3204 209 3284 Aegypt.
232 3207 248 3266 I
270 3228 299 3284 p.
324 3211 387 3268 209
412 3208 457 3267 ed.
482 3207 580 3268 Germ.
603 3207 752 3286 perdigna
779 3213 862 3287 sunt,
892 3229 969 3286 quae
998 3209 1091 3268 animi

78 3319 169 3361 causa
192 3305 348 3382 legantur3
371 3307 528 3382 superavit
549 3306 601 3364 ille
624 3307 674 3366 vel
695 3306 825 3366 ridicula
843 3306 986 3366 Scheellii
1011 3326 1091 3368 com·

76 3403 181 3460 menta
204 3393 288 3482 (hist.
305 3404 372 3486 litt.
396 3402 446 3463 Gr.
470 3403 551 3478 Hp.
576 3405 616 3463 41
642 3403 686 3462 ed.
705 3397 815 3487 Pina).

477 3549 695 3559 ———-
