<?xml version="1.0" encoding="UTF-8"?>
<!DOCTYPE html PUBLIC "-//W3C//DTD XHTML 1.0 Transitional//EN"
    "http://www.w3.org/TR/xhtml1/DTD/xhtml1-transitional.dtd">
<html xmlns="http://www.w3.org/1999/xhtml" xml:lang="en" lang="en">
 <head>
  <title>
</title>
<meta http-equiv="Content-Type" content="text/html;charset=utf-8" />
  <meta name='ocr-system' content='tesseract 3.04.00' />
  <meta name='ocr-capabilities' content='ocr_page ocr_carea ocr_par ocr_line ocrx_word'/>
</head>
<body>
  <div class='ocr_page' id='page_1' title='image "./corpusculumpoes00brangoog_0066.png"; bbox 0 0 2452 3832; ppageno 0'>
   <div class='ocr_carea' id='block_1_1' title="bbox 469 127 688 193">
    <p class='ocr_par' dir='ltr' id='par_1_1' title="bbox 469 127 688 193">
     <span class='ocr_line' id='line_1_1' title="bbox 469 127 688 193; baseline 0 -19"><span class='ocrx_word' id='word_1_1' title='bbox 469 127 688 193; x_wconf 68' lang='lat'>-59-</span> 
     </span>
    </p>
   </div>
   <div class='ocr_carea' id='block_1_2' title="bbox 7 287 1088 957">
    <p class='ocr_par' dir='ltr' id='par_1_2' title="bbox 7 287 1087 550">
     <span class='ocr_line' id='line_1_2' title="bbox 7 287 1087 374; baseline -0.001 -19"><span class='ocrx_word' id='word_1_2' title='bbox 7 313 14 324; x_wconf 83' lang='lat'>·</span> <span class='ocrx_word' id='word_1_3' title='bbox 68 287 152 374; x_wconf 75' lang='grc' dir='ltr'><strong><em>κτλ).</em></strong></span> <span class='ocrx_word' id='word_1_4' title='bbox 198 314 258 370; x_wconf 90' lang='lat' dir='ltr'><strong>quo</strong></span> <span class='ocrx_word' id='word_1_5' title='bbox 286 295 352 358; x_wconf 93' lang='lat' dir='ltr'><strong>loco</strong></span> <span class='ocrx_word' id='word_1_6' title='bbox 380 292 485 354; x_wconf 89' lang='lat' dir='ltr'><strong>statim</strong></span> <span class='ocrx_word' id='word_1_7' title='bbox 513 293 612 354; x_wconf 86' lang='lat' dir='ltr'><strong>elucet</strong></span> <span class='ocrx_word' id='word_1_8' title='bbox 639 293 815 370; x_wconf 78' lang='lat' dir='ltr'><strong>ceteroquin</strong></span> <span class='ocrx_word' id='word_1_9' title='bbox 838 312 856 352; x_wconf 90' lang='lat' dir='ltr'><strong>a</strong></span> <span class='ocrx_word' id='word_1_10' title='bbox 879 294 1087 372; x_wconf 81' lang='lat' dir='ltr'><strong>grammaticis</strong></span> 
     </span>
     <span class='ocr_line' id='line_1_3' title="bbox 69 390 1086 469; baseline -0.002 -17"><span class='ocrx_word' id='word_1_11' title='bbox 69 392 215 454; x_wconf 89' lang='lat' dir='ltr'><strong>litteratis</strong></span> <span class='ocrx_word' id='word_1_12' title='bbox 239 392 454 468; x_wconf 73' lang='lat' dir='ltr'>Xenophanem</span> <span class='ocrx_word' id='word_1_13' title='bbox 480 390 612 466; x_wconf 90' lang='lat' dir='ltr'><strong>primum</strong></span> <span class='ocrx_word' id='word_1_14' title='bbox 641 390 861 469; x_wconf 80' lang='lat' dir='ltr'><strong>sillographum</strong></span> <span class='ocrx_word' id='word_1_15' title='bbox 884 391 1086 452; x_wconf 86' lang='lat' dir='ltr'><strong>constitutum</strong></span> 
     </span>
     <span class='ocr_line' id='line_1_4' title="bbox 72 507 146 550; baseline -0.027 0"><span class='ocrx_word' id='word_1_16' title='bbox 72 507 146 550; x_wconf 89' lang='lat' dir='ltr'><strong>esse.</strong></span> 
     </span>
    </p>

    <p class='ocr_par' dir='ltr' id='par_1_3' title="bbox 70 578 1088 957">
     <span class='ocr_line' id='line_1_5' title="bbox 139 578 1088 666; baseline -0.001 -20"><span class='ocrx_word' id='word_1_17' title='bbox 139 578 175 666; x_wconf 86' lang='grc'><strong>4)</strong></span> <span class='ocrx_word' id='word_1_18' title='bbox 199 586 324 647; x_wconf 89' lang='lat' dir='ltr'><strong>Proclus</strong></span> <span class='ocrx_word' id='word_1_19' title='bbox 354 585 392 645; x_wconf 89' lang='lat' dir='ltr'><strong>ad</strong></span> <span class='ocrx_word' id='word_1_20' title='bbox 419 584 554 660; x_wconf 83' lang='lat' dir='ltr'><strong>Hesiod.‚</strong></span> <span class='ocrx_word' id='word_1_21' title='bbox 585 601 629 658; x_wconf 84' lang='lat' dir='ltr'><strong>cp.</strong></span> <span class='ocrx_word' id='word_1_22' title='bbox 657 589 683 644; x_wconf 85' lang='lat' dir='ltr'><strong>et</strong></span> <span class='ocrx_word' id='word_1_23' title='bbox 705 586 743 645; x_wconf 82' lang='lat' dir='ltr'><strong>di.</strong></span> <span class='ocrx_word' id='word_1_24' title='bbox 767 606 795 646; x_wconf 79' lang='lat' dir='ltr'><strong>v.</strong></span> <span class='ocrx_word' id='word_1_25' title='bbox 820 587 884 645; x_wconf 78' lang='lat'><strong>284</strong></span> <span class='ocrx_word' id='word_1_26' title='bbox 911 579 1088 664; x_wconf 74' lang='grc' dir='ltr'><strong><em>Ξενοφάνης</em></strong></span> 
     </span>
     <span class='ocr_line' id='line_1_6' title="bbox 71 674 1088 761; baseline -0.001 -17"><span class='ocrx_word' id='word_1_27' title='bbox 71 677 123 744; x_wconf 79' lang='grc' dir='ltr'><strong>διὰ</strong></span> <span class='ocrx_word' id='word_1_28' title='bbox 146 676 187 760; x_wconf 77' lang='grc' dir='ltr'><strong>δή</strong></span> <span class='ocrx_word' id='word_1_29' title='bbox 208 703 274 742; x_wconf 83' lang='grc' dir='ltr'><strong><em>τινα</em></strong></span> <span class='ocrx_word' id='word_1_30' title='bbox 296 675 370 761; x_wconf 83' lang='grc' dir='ltr'><strong><em>πρὸς</em></strong></span> <span class='ocrx_word' id='word_1_31' title='bbox 392 675 461 754; x_wconf 80' lang='grc' dir='ltr'><strong><em>τοὺς</em></strong></span> <span class='ocrx_word' id='word_1_32' title='bbox 484 675 547 742; x_wconf 79' lang='grc' dir='ltr'><strong><em>κατ’</em></strong></span> <span class='ocrx_word' id='word_1_33' title='bbox 574 674 667 741; x_wconf 76' lang='grc' dir='ltr'><strong><em>αὐτὸν</em></strong></span> <span class='ocrx_word' id='word_1_34' title='bbox 688 675 875 759; x_wconf 72' lang='grc' dir='ltr'><strong><em>φιλοσόφους</em></strong></span> <span class='ocrx_word' id='word_1_35' title='bbox 897 680 946 743; x_wconf 77' lang='grc' dir='ltr'><strong>καὶ</strong></span> <span class='ocrx_word' id='word_1_36' title='bbox 964 677 1088 760; x_wconf 78' lang='grc' dir='ltr'><strong><em>ποιητὰς</em></strong></span> 
     </span>
     <span class='ocr_line' id='line_1_7' title="bbox 70 767 1086 858; baseline -0.001 -18"><span class='ocrx_word' id='word_1_37' title='bbox 70 767 274 858; x_wconf 75' lang='grc' dir='ltr'><strong><em>μικροψυχίαν</em></strong></span> <span class='ocrx_word' id='word_1_38' title='bbox 296 779 413 852; x_wconf 77' lang='grc' dir='ltr'><strong><em>σίλλους</em></strong></span> <span class='ocrx_word' id='word_1_39' title='bbox 434 772 565 850; x_wconf 79' lang='grc' dir='ltr'><strong><em>ιἰτόπονς</em></strong></span> <span class='ocrx_word' id='word_1_40' title='bbox 588 775 721 838; x_wconf 73' lang='grc' dir='ltr'><strong><em>ἐκθεῖναι</em></strong></span> <span class='ocrx_word' id='word_1_41' title='bbox 743 770 914 858; x_wconf 78' lang='grc' dir='ltr'><strong><em>(συνθεῖναι</em></strong></span> <span class='ocrx_word' id='word_1_42' title='bbox 937 780 1000 840; x_wconf 89' lang='lat' dir='ltr'><strong>cod.</strong></span> <span class='ocrx_word' id='word_1_43' title='bbox 1024 799 1086 858; x_wconf 81' lang='lat' dir='ltr'><strong>reg.</strong></span> 
     </span>
     <span class='ocr_line' id='line_1_8' title="bbox 72 868 1087 957; baseline -0.001 -21"><span class='ocrx_word' id='word_1_44' title='bbox 72 877 168 937; x_wconf 89' lang='lat' dir='ltr'><strong>Paris.</strong></span> <span class='ocrx_word' id='word_1_45' title='bbox 189 868 292 957; x_wconf 77' lang='lat'>2771)</span> <span class='ocrx_word' id='word_1_46' title='bbox 315 873 426 955; x_wconf 78' lang='grc' dir='ltr'><strong><em>λέγεται</em></strong></span> <span class='ocrx_word' id='word_1_47' title='bbox 447 869 521 936; x_wconf 75' lang='grc' dir='ltr'><strong>κατὰ</strong></span> <span class='ocrx_word' id='word_1_48' title='bbox 544 869 665 936; x_wconf 76' lang='grc' dir='ltr'><strong><em>πάντων</em></strong></span> <span class='ocrx_word' id='word_1_49' title='bbox 688 869 863 952; x_wconf 86' lang='grc' dir='ltr'><strong><em>φιλοσόφων</em></strong></span> <span class='ocrx_word' id='word_1_50' title='bbox 881 875 931 937; x_wconf 84' lang='grc' dir='ltr'><strong>καὶ</strong></span> <span class='ocrx_word' id='word_1_51' title='bbox 948 879 1087 953; x_wconf 75' lang='grc' dir='ltr'><strong><em>ποιητῶν.</em></strong></span> 
     </span>
    </p>
   </div>
   <div class='ocr_carea' id='block_1_3' title="bbox 69 966 1093 3093">
    <p class='ocr_par' dir='ltr' id='par_1_4' title="bbox 69 966 1088 1246">
     <span class='ocr_line' id='line_1_9' title="bbox 139 966 1087 1055; baseline -0.001 -20"><span class='ocrx_word' id='word_1_52' title='bbox 139 966 174 1055; x_wconf 81' lang='lat'><strong>5)</strong></span> <span class='ocrx_word' id='word_1_53' title='bbox 199 975 320 1034; x_wconf 83' lang='lat' dir='ltr'><strong>Taetzes</strong></span> <span class='ocrx_word' id='word_1_54' title='bbox 344 992 391 1050; x_wconf 89' lang='lat' dir='ltr'><strong>ap.</strong></span> <span class='ocrx_word' id='word_1_55' title='bbox 410 971 652 1050; x_wconf 85' lang='lat' dir='ltr'><strong>Bsmhardyium</strong></span> <span class='ocrx_word' id='word_1_56' title='bbox 670 972 709 1032; x_wconf 84' lang='lat' dir='ltr'><strong>ad</strong></span> <span class='ocrx_word' id='word_1_57' title='bbox 728 973 819 1048; x_wconf 84' lang='lat' dir='ltr'><strong>schol.</strong></span> <span class='ocrx_word' id='word_1_58' title='bbox 833 973 957 1051; x_wconf 85' lang='lat' dir='ltr'>Dionys.</span> <span class='ocrx_word' id='word_1_59' title='bbox 972 975 1087 1051; x_wconf 82' lang='lat' dir='ltr'><strong>Perieg.</strong></span> 
     </span>
     <span class='ocr_line' id='line_1_10' title="bbox 69 1062 1088 1152; baseline 0 -22"><span class='ocrx_word' id='word_1_60' title='bbox 69 1091 99 1148; x_wconf 90' lang='lat' dir='ltr'><strong>p.</strong></span> <span class='ocrx_word' id='word_1_61' title='bbox 125 1073 211 1131; x_wconf 89' lang='lat'>1010</span> <span class='ocrx_word' id='word_1_62' title='bbox 239 1065 435 1152; x_wconf 75' lang='grc' dir='ltr'><strong><em>σιλλονηυὶφος</em></strong></span> <span class='ocrx_word' id='word_1_63' title='bbox 461 1073 519 1130; x_wconf 80' lang='grc' dir='ltr'><strong>νῦν</strong></span> <span class='ocrx_word' id='word_1_64' title='bbox 546 1062 562 1131; x_wconf 87' lang='grc' dir='ltr'><strong>ὁ</strong></span> <span class='ocrx_word' id='word_1_65' title='bbox 585 1063 762 1148; x_wconf 76' lang='grc' dir='ltr'><strong><em>Ξενοφάνης</em></strong></span> <span class='ocrx_word' id='word_1_66' title='bbox 791 1063 870 1152; x_wconf 82' lang='lat' dir='ltr'><strong>(cod.</strong></span> <span class='ocrx_word' id='word_1_67' title='bbox 896 1065 1088 1150; x_wconf 77' lang='grc' dir='ltr'><strong><em>Ζενοφάνης)</em></strong></span> 
     </span>
     <span class='ocr_line' id='line_1_11' title="bbox 72 1161 564 1246; baseline -0.002 -18"><span class='ocrx_word' id='word_1_68' title='bbox 72 1165 132 1228; x_wconf 74' lang='grc' dir='ltr'><strong><em>ἐστὶ</em></strong></span> <span class='ocrx_word' id='word_1_69' title='bbox 153 1165 204 1228; x_wconf 80' lang='grc' dir='ltr'><strong>καὶ</strong></span> <span class='ocrx_word' id='word_1_70' title='bbox 226 1161 243 1228; x_wconf 83' lang='grc' dir='ltr'>ὁ</span> <span class='ocrx_word' id='word_1_71' title='bbox 269 1169 370 1246; x_wconf 78' lang='grc' dir='ltr'><strong><em>Τίμων</em></strong></span> <span class='ocrx_word' id='word_1_72' title='bbox 392 1165 442 1228; x_wconf 78' lang='grc' dir='ltr'><strong>καὶ</strong></span> <span class='ocrx_word' id='word_1_73' title='bbox 465 1165 564 1246; x_wconf 77' lang='grc' dir='ltr'><strong><em>ἕτερον.</em></strong></span> 
     </span>
    </p>

    <p class='ocr_par' dir='ltr' id='par_1_5' title="bbox 70 1258 1088 1520">
     <span class='ocr_line' id='line_1_12' title="bbox 142 1258 1088 1346; baseline 0 -20"><span class='ocrx_word' id='word_1_74' title='bbox 142 1258 176 1346; x_wconf 80' lang='grc'><strong>6)</strong></span> <span class='ocrx_word' id='word_1_75' title='bbox 200 1265 337 1342; x_wconf 87' lang='lat' dir='ltr'><strong>Denique</strong></span> <span class='ocrx_word' id='word_1_76' title='bbox 369 1264 401 1324; x_wconf 93' lang='lat' dir='ltr'><strong>in</strong></span> <span class='ocrx_word' id='word_1_77' title='bbox 429 1264 708 1343; x_wconf 82' lang='lat' dir='ltr'><strong>schol.A1istoph.‚</strong></span> <span class='ocrx_word' id='word_1_78' title='bbox 742 1268 824 1339; x_wconf 81' lang='lat' dir='ltr'><strong>equit.</strong></span> <span class='ocrx_word' id='word_1_79' title='bbox 849 1267 912 1327; x_wconf 83' lang='grc'><strong>406</strong></span> <span class='ocrx_word' id='word_1_80' title='bbox 946 1269 977 1325; x_wconf 87' lang='lat' dir='ltr'><strong>et</strong></span> <span class='ocrx_word' id='word_1_81' title='bbox 1007 1265 1088 1342; x_wconf 88' lang='lat' dir='ltr'><strong>apud</strong></span> 
     </span>
     <span class='ocr_line' id='line_1_13' title="bbox 70 1356 1088 1440; baseline -0.001 -18"><span class='ocrx_word' id='word_1_82' title='bbox 70 1363 185 1424; x_wconf 83' lang='lat' dir='ltr'><strong>Eudcc.</strong></span> <span class='ocrx_word' id='word_1_83' title='bbox 209 1383 238 1439; x_wconf 90' lang='lat' dir='ltr'><strong>p.</strong></span> <span class='ocrx_word' id='word_1_84' title='bbox 260 1365 300 1422; x_wconf 81' lang='grc'><strong>87</strong></span> <span class='ocrx_word' id='word_1_85' title='bbox 324 1356 501 1440; x_wconf 74' lang='grc' dir='ltr'><strong><em>Ξενοφάνης</em></strong></span> <span class='ocrx_word' id='word_1_86' title='bbox 529 1359 562 1422; x_wconf 82' lang='grc' dir='ltr'><strong><em>ἐν</em></strong></span> <span class='ocrx_word' id='word_1_87' title='bbox 589 1363 697 1434; x_wconf 82' lang='grc' dir='ltr'><strong><em>σίλλοις</em></strong></span> <span class='ocrx_word' id='word_1_88' title='bbox 725 1381 864 1440; x_wconf 85' lang='lat' dir='ltr'><strong>unusque</strong></span> <span class='ocrx_word' id='word_1_89' title='bbox 894 1363 959 1428; x_wconf 85' lang='lat' dir='ltr'><strong>eius</strong></span> <span class='ocrx_word' id='word_1_90' title='bbox 982 1380 1088 1423; x_wconf 85' lang='lat' dir='ltr'><strong>versus</strong></span> 
     </span>
     <span class='ocr_line' id='line_1_14' title="bbox 70 1460 385 1520; baseline -0.006 0"><span class='ocrx_word' id='word_1_91' title='bbox 70 1461 209 1520; x_wconf 89' lang='lat' dir='ltr'><strong>heroicus</strong></span> <span class='ocrx_word' id='word_1_92' title='bbox 232 1460 385 1520; x_wconf 84' lang='lat' dir='ltr'><strong>laudatur.</strong></span> 
     </span>
    </p>

    <p class='ocr_par' dir='ltr' id='par_1_6' title="bbox 69 1557 1093 3093">
     <span class='ocr_line' id='line_1_15' title="bbox 138 1557 1087 1636; baseline -0.002 -18"><span class='ocrx_word' id='word_1_93' title='bbox 138 1557 260 1618; x_wconf 80' lang='lat' dir='ltr'><strong>Adsunt</strong></span> <span class='ocrx_word' id='word_1_94' title='bbox 286 1557 383 1636; x_wconf 80' lang='lat' dir='ltr'><strong>igitur</strong></span> <span class='ocrx_word' id='word_1_95' title='bbox 410 1576 461 1618; x_wconf 85' lang='lat' dir='ltr'><strong>sex</strong></span> <span class='ocrx_word' id='word_1_96' title='bbox 488 1557 657 1617; x_wconf 87' lang='lat' dir='ltr'><strong>certissima</strong></span> <span class='ocrx_word' id='word_1_97' title='bbox 680 1557 862 1634; x_wconf 80' lang='lat' dir='ltr'><strong>testimonie,</strong></span> <span class='ocrx_word' id='word_1_98' title='bbox 887 1558 996 1636; x_wconf 90' lang='lat' dir='ltr'><strong>quibus</strong></span> <span class='ocrx_word' id='word_1_99' title='bbox 1012 1576 1087 1634; x_wconf 85' lang='lat' dir='ltr'><strong>pro-</strong></span> 
     </span>
     <span class='ocr_line' id='line_1_16' title="bbox 69 1653 1088 1732; baseline -0.006 -16"><span class='ocrx_word' id='word_1_100' title='bbox 69 1657 162 1716; x_wconf 87' lang='lat' dir='ltr'><strong>betur</strong></span> <span class='ocrx_word' id='word_1_101' title='bbox 183 1655 397 1731; x_wconf 75' lang='lat' dir='ltr'><strong>Xenophanem</strong></span> <span class='ocrx_word' id='word_1_102' title='bbox 426 1654 580 1730; x_wconf 84' lang='lat' dir='ltr'><strong>scripsisse</strong></span> <span class='ocrx_word' id='word_1_103' title='bbox 603 1653 740 1714; x_wconf 86' lang='lat' dir='ltr'><strong>versibus</strong></span> <span class='ocrx_word' id='word_1_104' title='bbox 763 1653 945 1732; x_wconf 72' lang='lat' dir='ltr'><strong>hexametris</strong></span> <span class='ocrx_word' id='word_1_105' title='bbox 969 1671 1088 1712; x_wconf 87' lang='lat' dir='ltr'><strong>carmon</strong></span> 
     </span>
     <span class='ocr_line' id='line_1_17' title="bbox 71 1749 1089 1830; baseline -0.004 -18"><span class='ocrx_word' id='word_1_106' title='bbox 71 1753 225 1830; x_wconf 77' lang='lat' dir='ltr'><strong>quoddam</strong></span> <span class='ocrx_word' id='word_1_107' title='bbox 257 1770 317 1828; x_wconf 89' lang='lat' dir='ltr'><strong>quo</strong></span> <span class='ocrx_word' id='word_1_108' title='bbox 348 1755 454 1827; x_wconf 88' lang='lat' dir='ltr'><strong>poetas</strong></span> <span class='ocrx_word' id='word_1_109' title='bbox 487 1750 743 1828; x_wconf 86' lang='lat' dir='ltr'><strong>philosophosque</strong></span> <span class='ocrx_word' id='word_1_110' title='bbox 775 1749 870 1808; x_wconf 86' lang='lat' dir='ltr'><strong>irrisit</strong></span> <span class='ocrx_word' id='word_1_111' title='bbox 897 1749 1089 1825; x_wconf 90' lang='lat' dir='ltr'><strong>potissimum</strong></span> 
     </span>
     <span class='ocr_line' id='line_1_18' title="bbox 70 1845 1088 1928; baseline -0.004 -18"><span class='ocrx_word' id='word_1_112' title='bbox 70 1853 196 1928; x_wconf 88' lang='lat' dir='ltr'><strong>propter</strong></span> <span class='ocrx_word' id='word_1_113' title='bbox 228 1847 383 1925; x_wconf 87' lang='lat' dir='ltr'><strong>opiniones</strong></span> <span class='ocrx_word' id='word_1_114' title='bbox 417 1848 453 1912; x_wconf 83' lang='lat' dir='ltr'><strong>de</strong></span> <span class='ocrx_word' id='word_1_115' title='bbox 487 1847 533 1908; x_wconf 90' lang='lat' dir='ltr'><strong>dis</strong></span> <span class='ocrx_word' id='word_1_116' title='bbox 565 1848 709 1924; x_wconf 84' lang='lat' dir='ltr'><strong>prolatas.</strong></span> <span class='ocrx_word' id='word_1_117' title='bbox 761 1845 812 1904; x_wconf 92' lang='lat' dir='ltr'><strong>cui</strong></span> <span class='ocrx_word' id='word_1_118' title='bbox 839 1846 966 1906; x_wconf 89' lang='lat' dir='ltr'><strong>carmini</strong></span> <span class='ocrx_word' id='word_1_119' title='bbox 992 1847 1088 1906; x_wconf 87' lang='lat' dir='ltr'><strong>Xeno-</strong></span> 
     </span>
     <span class='ocr_line' id='line_1_19' title="bbox 73 1943 1089 2024; baseline -0.004 -18"><span class='ocrx_word' id='word_1_120' title='bbox 73 1947 188 2024; x_wconf 80' lang='lat' dir='ltr'><strong>phanes</strong></span> <span class='ocrx_word' id='word_1_121' title='bbox 212 1945 288 2005; x_wconf 91' lang='lat' dir='ltr'><strong>uihil</strong></span> <span class='ocrx_word' id='word_1_122' title='bbox 311 1943 506 2020; x_wconf 72' lang='lat' dir='ltr'><strong>inscripserit,</strong></span> <span class='ocrx_word' id='word_1_123' title='bbox 531 1943 637 2004; x_wconf 77' lang='grc' dir='ltr'><strong><em>σίλλονν</em></strong></span> <span class='ocrx_word' id='word_1_124' title='bbox 658 1944 785 2004; x_wconf 88' lang='lat' dir='ltr'><strong>titulum</strong></span> <span class='ocrx_word' id='word_1_125' title='bbox 807 1943 999 2020; x_wconf 83' lang='lat' dir='ltr'><strong>grammatici</strong></span> <span class='ocrx_word' id='word_1_126' title='bbox 1016 1962 1089 2004; x_wconf 90' lang='lat' dir='ltr'><strong>non-</strong></span> 
     </span>
     <span class='ocr_line' id='line_1_20' title="bbox 74 2040 1088 2119; baseline -0.003 -16"><span class='ocrx_word' id='word_1_127' title='bbox 74 2043 155 2103; x_wconf 88' lang='lat' dir='ltr'><strong>nulli</strong></span> <span class='ocrx_word' id='word_1_128' title='bbox 178 2042 356 2118; x_wconf 87' lang='lat' dir='ltr'><strong>inscripsere</strong></span> <span class='ocrx_word' id='word_1_129' title='bbox 379 2041 521 2100; x_wconf 90' lang='lat' dir='ltr'><strong>commoti</strong></span> <span class='ocrx_word' id='word_1_130' title='bbox 543 2042 651 2118; x_wconf 88' lang='lat' dir='ltr'><strong>procul</strong></span> <span class='ocrx_word' id='word_1_131' title='bbox 669 2040 761 2100; x_wconf 90' lang='lat' dir='ltr'><strong>dnbio</strong></span> <span class='ocrx_word' id='word_1_132' title='bbox 780 2040 987 2118; x_wconf 88' lang='lat' dir='ltr'><strong>similitudine,</strong></span> <span class='ocrx_word' id='word_1_133' title='bbox 1012 2060 1088 2119; x_wconf 87' lang='lat' dir='ltr'><strong>quae</strong></span> 
     </span>
     <span class='ocr_line' id='line_1_21' title="bbox 76 2135 1092 2218; baseline -0.001 -16"><span class='ocrx_word' id='word_1_134' title='bbox 76 2143 157 2202; x_wconf 85' lang='lat' dir='ltr'><strong>inter</strong></span> <span class='ocrx_word' id='word_1_135' title='bbox 180 2139 315 2198; x_wconf 84' lang='lat' dir='ltr'><strong>Timonis</strong></span> <span class='ocrx_word' id='word_1_136' title='bbox 339 2137 423 2198; x_wconf 90' lang='lat' dir='ltr'><strong>sillos</strong></span> <span class='ocrx_word' id='word_1_137' title='bbox 448 2140 479 2196; x_wconf 86' lang='lat' dir='ltr'><strong>et</strong></span> <span class='ocrx_word' id='word_1_138' title='bbox 500 2138 557 2198; x_wconf 85' lang='lat' dir='ltr'><strong>hoc</strong></span> <span class='ocrx_word' id='word_1_139' title='bbox 580 2158 687 2216; x_wconf 88' lang='lat' dir='ltr'><strong>poema</strong></span> <span class='ocrx_word' id='word_1_140' title='bbox 710 2140 922 2217; x_wconf 80' lang='lat' dir='ltr'><strong>intercederet,</strong></span> <span class='ocrx_word' id='word_1_141' title='bbox 951 2141 1005 2200; x_wconf 86' lang='lat' dir='ltr'><strong>alii</strong></span> <span class='ocrx_word' id='word_1_142' title='bbox 1027 2135 1092 2218; x_wconf 77' lang='grc' dir='ltr'>ἰάμ-</span> 
     </span>
     <span class='ocr_line' id='line_1_22' title="bbox 74 2234 1089 2318; baseline -0.003 -18"><span class='ocrx_word' id='word_1_143' title='bbox 74 2237 318 2318; x_wconf 58' lang='lat' dir='ltr'><strong>percurrerunt,</strong></span> <span class='ocrx_word' id='word_1_144' title='bbox 342 2235 397 2294; x_wconf 87' lang='lat' dir='ltr'><strong>alii</strong></span> <span class='ocrx_word' id='word_1_145' title='bbox 419 2234 548 2313; x_wconf 86' lang='lat' dir='ltr'><strong>denique</strong></span> <span class='ocrx_word' id='word_1_146' title='bbox 570 2235 731 2316; x_wconf 75' lang='grc' dir='ltr'><strong><em>παρῳδίας.</em></strong></span> <span class='ocrx_word' id='word_1_147' title='bbox 763 2256 834 2296; x_wconf 86' lang='lat' dir='ltr'><strong>nam</strong></span> <span class='ocrx_word' id='word_1_148' title='bbox 856 2238 960 2297; x_wconf 86' lang='lat' dir='ltr'><strong>nullus</strong></span> <span class='ocrx_word' id='word_1_149' title='bbox 983 2237 1089 2298; x_wconf 84' lang='lat' dir='ltr'><strong>dubito</strong></span> 
     </span>
     <span class='ocr_line' id='line_1_23' title="bbox 74 2330 1091 2414; baseline 0 -20"><span class='ocrx_word' id='word_1_150' title='bbox 74 2335 151 2414; x_wconf 89' lang='lat' dir='ltr'><strong>quin</strong></span> <span class='ocrx_word' id='word_1_151' title='bbox 165 2332 325 2414; x_wconf 75' lang='grc' dir='ltr'><strong><em>παρῳδιῶν</em></strong></span> <span class='ocrx_word' id='word_1_152' title='bbox 340 2334 545 2411; x_wconf 76' lang='lat' dir='ltr'><strong>fragmentum</strong></span> <span class='ocrx_word' id='word_1_153' title='bbox 559 2333 598 2408; x_wconf 63' lang='lat' dir='ltr'><strong>ab</strong></span> <span class='ocrx_word' id='word_1_154' title='bbox 611 2331 768 2394; x_wconf 77' lang='lat' dir='ltr'><strong>Athenaeo</strong></span> <span class='ocrx_word' id='word_1_155' title='bbox 782 2330 923 2410; x_wconf 76' lang='lat' dir='ltr'><strong>11p.54⁰</strong></span> <span class='ocrx_word' id='word_1_156' title='bbox 937 2338 1091 2394; x_wconf 84' lang='lat' dir='ltr'><strong>servatum</strong></span> 
     </span>
     <span class='ocr_line' id='line_1_24' title="bbox 76 2422 1090 2513; baseline -0.001 -20"><span class='ocrx_word' id='word_1_157' title='bbox 76 2432 212 2494; x_wconf 88' lang='lat' dir='ltr'><strong>eiusdem</strong></span> <span class='ocrx_word' id='word_1_158' title='bbox 235 2430 375 2492; x_wconf 86' lang='lat' dir='ltr'><strong>carminis</strong></span> <span class='ocrx_word' id='word_1_159' title='bbox 399 2423 481 2513; x_wconf 73' lang='lat' dir='ltr'><strong>sit1).</strong></span> <span class='ocrx_word' id='word_1_160' title='bbox 522 2431 673 2492; x_wconf 85' lang='lat' dir='ltr'><strong>falluntur</strong></span> <span class='ocrx_word' id='word_1_161' title='bbox 697 2433 776 2492; x_wconf 90' lang='lat' dir='ltr'><strong>enim</strong></span> <span class='ocrx_word' id='word_1_162' title='bbox 798 2432 852 2510; x_wconf 90' lang='lat' dir='ltr'><strong>qui</strong></span> <span class='ocrx_word' id='word_1_163' title='bbox 872 2422 1027 2512; x_wconf 76' lang='lat' dir='ltr'><strong>censent²)</strong></span> <span class='ocrx_word' id='word_1_164' title='bbox 1046 2431 1090 2492; x_wconf 89' lang='lat' dir='ltr'><strong>in-</strong></span> 
     </span>
     <span class='ocr_line' id='line_1_25' title="bbox 77 2528 1090 2607; baseline -0.001 -16"><span class='ocrx_word' id='word_1_165' title='bbox 77 2548 143 2591; x_wconf 89' lang='lat' dir='ltr'><strong>esse</strong></span> <span class='ocrx_word' id='word_1_166' title='bbox 165 2529 215 2588; x_wconf 92' lang='lat' dir='ltr'><strong>hic</strong></span> <span class='ocrx_word' id='word_1_167' title='bbox 238 2528 362 2588; x_wconf 87' lang='lat' dir='ltr'><strong>senilem</strong></span> <span class='ocrx_word' id='word_1_168' title='bbox 385 2529 538 2606; x_wconf 83' lang='lat' dir='ltr'><strong>quandam</strong></span> <span class='ocrx_word' id='word_1_169' title='bbox 560 2529 747 2590; x_wconf 83' lang='lat' dir='ltr'><strong>hilaritatem</strong></span> <span class='ocrx_word' id='word_1_170' title='bbox 769 2547 893 2607; x_wconf 86' lang='lat' dir='ltr'><strong>prorsus</strong></span> <span class='ocrx_word' id='word_1_171' title='bbox 916 2529 955 2590; x_wconf 86' lang='lat' dir='ltr'><strong>ab</strong></span> <span class='ocrx_word' id='word_1_172' title='bbox 976 2529 1090 2590; x_wconf 84' lang='lat' dir='ltr'><strong>acerbis</strong></span> 
     </span>
     <span class='ocr_line' id='line_1_26' title="bbox 73 2626 1093 2705; baseline -0.002 -17"><span class='ocrx_word' id='word_1_173' title='bbox 73 2628 198 2689; x_wconf 86' lang='lat' dir='ltr'><strong>Homeri</strong></span> <span class='ocrx_word' id='word_1_174' title='bbox 221 2626 406 2704; x_wconf 88' lang='lat' dir='ltr'><strong>Hesiodique</strong></span> <span class='ocrx_word' id='word_1_175' title='bbox 429 2627 619 2688; x_wconf 89' lang='lat' dir='ltr'><strong>irrisionibus</strong></span> <span class='ocrx_word' id='word_1_176' title='bbox 643 2627 861 2688; x_wconf 86' lang='lat' dir='ltr'><strong>abhorrentem.</strong></span> <span class='ocrx_word' id='word_1_177' title='bbox 902 2647 1033 2705; x_wconf 83' lang='lat' dir='ltr'><strong>namque</strong></span> <span class='ocrx_word' id='word_1_178' title='bbox 1056 2631 1093 2687; x_wconf 85' lang='lat' dir='ltr'><strong>ut</strong></span> 
     </span>
     <span class='ocr_line' id='line_1_27' title="bbox 73 2725 1091 2804; baseline -0.003 -17"><span class='ocrx_word' id='word_1_179' title='bbox 73 2727 188 2788; x_wconf 85' lang='lat' dir='ltr'><strong>servati</strong></span> <span class='ocrx_word' id='word_1_180' title='bbox 205 2725 369 2802; x_wconf 76' lang='lat' dir='ltr'><strong>fragmenti</strong></span> <span class='ocrx_word' id='word_1_181' title='bbox 382 2743 486 2786; x_wconf 85' lang='lat' dir='ltr'><strong>vorsus</strong></span> <span class='ocrx_word' id='word_1_182' title='bbox 500 2725 683 2801; x_wconf 85' lang='lat' dir='ltr'><strong>respondent</strong></span> <span class='ocrx_word' id='word_1_183' title='bbox 697 2726 813 2804; x_wconf 80' lang='lat' dir='ltr'><strong>elegiae</strong></span> <span class='ocrx_word' id='word_1_184' title='bbox 826 2725 940 2802; x_wconf 88' lang='lat' dir='ltr'><strong>primae</strong></span> <span class='ocrx_word' id='word_1_185' title='bbox 954 2725 1091 2786; x_wconf 84' lang='lat' dir='ltr'><strong>versibus</strong></span> 
     </span>
     <span class='ocr_line' id='line_1_28' title="bbox 76 2815 1091 2900; baseline -0.002 -16"><span class='ocrx_word' id='word_1_186' title='bbox 76 2826 117 2884; x_wconf 85' lang='lat'><strong>19</strong></span> <span class='ocrx_word' id='word_1_187' title='bbox 142 2826 173 2883; x_wconf 85' lang='lat' dir='ltr'><strong>ct</strong></span> <span class='ocrx_word' id='word_1_188' title='bbox 197 2824 248 2900; x_wconf 79' lang='lat'><strong>20,</strong></span> <span class='ocrx_word' id='word_1_189' title='bbox 271 2815 392 2898; x_wconf 66' lang='grc' dir='ltr'><strong><em>ἀνδρῶν</em></strong></span> <span class='ocrx_word' id='word_1_190' title='bbox 414 2815 443 2882; x_wconf 79' lang='grc' dir='ltr'><strong>δ’</strong></span> <span class='ocrx_word' id='word_1_191' title='bbox 469 2821 564 2882; x_wconf 80' lang='grc' dir='ltr'><strong><em>αἰνεῖν</em></strong></span> <span class='ocrx_word' id='word_1_192' title='bbox 585 2824 705 2897; x_wconf 72' lang='grc' dir='ltr'><strong><em>τοῦτον,</em></strong></span> <span class='ocrx_word' id='word_1_193' title='bbox 732 2815 766 2894; x_wconf 71' lang='grc' dir='ltr'><strong>ὃς</strong></span> <span class='ocrx_word' id='word_1_194' title='bbox 788 2816 981 2892; x_wconf 60' lang='lat' dir='ltr'><strong>totid-acacia</strong></span> <span class='ocrx_word' id='word_1_195' title='bbox 1002 2815 1091 2882; x_wconf 85' lang='grc' dir='ltr'><strong><em>σἰνοι-</em></strong></span> 
     </span>
     <span class='ocr_line' id='line_1_29' title="bbox 72 2908 1090 2999; baseline -0.003 -17"><span class='ocrx_word' id='word_1_196' title='bbox 72 2920 196 2999; x_wconf 84' lang='grc' dir='ltr'><strong><em>φαίνει</em></strong></span> <span class='ocrx_word' id='word_1_197' title='bbox 217 2916 221 2998; x_wconf 90' lang='grc' dir='ltr'>Ι</span> <span class='ocrx_word' id='word_1_198' title='bbox 242 2913 287 2992; x_wconf 70' lang='grc' dir='ltr'><strong>ὥς</strong></span> <span class='ocrx_word' id='word_1_199' title='bbox 315 2917 350 2979; x_wconf 80' lang='grc' dir='ltr'><strong>οἱ</strong></span> <span class='ocrx_word' id='word_1_200' title='bbox 374 2913 571 2997; x_wconf 82' lang='grc' dir='ltr'><strong><em>μνημόσυν’</em></strong></span> <span class='ocrx_word' id='word_1_201' title='bbox 597 2908 631 2998; x_wconf 77' lang='grc' dir='ltr'><strong>ᾖ,</strong></span> <span class='ocrx_word' id='word_1_202' title='bbox 659 2919 702 2992; x_wconf 87' lang='lat' dir='ltr'><strong>sic</strong></span> <span class='ocrx_word' id='word_1_203' title='bbox 730 2919 925 2980; x_wconf 82' lang='lat' dir='ltr'><strong>statuendum</strong></span> <span class='ocrx_word' id='word_1_204' title='bbox 949 2923 996 2978; x_wconf 84' lang='lat' dir='ltr'><strong>est</strong></span> <span class='ocrx_word' id='word_1_205' title='bbox 1022 2938 1090 2994; x_wconf 85' lang='lat' dir='ltr'><strong>pro-</strong></span> 
     </span>
     <span class='ocr_line' id='line_1_30' title="bbox 70 3014 1090 3093; baseline -0.01 -11"><span class='ocrx_word' id='word_1_206' title='bbox 70 3021 169 3082; x_wconf 80' lang='lat' dir='ltr'><strong>ximos</strong></span> <span class='ocrx_word' id='word_1_207' title='bbox 186 3019 262 3078; x_wconf 84' lang='lat' dir='ltr'><strong>iam</strong></span> <span class='ocrx_word' id='word_1_208' title='bbox 294 3037 354 3080; x_wconf 92' lang='lat' dir='ltr'><strong>non</strong></span> <span class='ocrx_word' id='word_1_209' title='bbox 387 3015 565 3093; x_wconf 89' lang='lat' dir='ltr'><strong>superstites</strong></span> <span class='ocrx_word' id='word_1_210' title='bbox 594 3016 783 3091; x_wconf 89' lang='lat' dir='ltr'><strong>respondisse</strong></span> <span class='ocrx_word' id='word_1_211' title='bbox 815 3015 949 3074; x_wconf 91' lang='lat' dir='ltr'><strong>eiusdem</strong></span> <span class='ocrx_word' id='word_1_212' title='bbox 976 3014 1090 3092; x_wconf 84' lang='lat' dir='ltr'><strong>elegiae</strong></span> 
     </span>
    </p>
   </div>
   <div class='ocr_carea' id='block_1_4' title="bbox 75 3157 290 3166">
    <p class='ocr_par' dir='ltr' id='par_1_7' title="bbox 75 3157 290 3166">
     <span class='ocr_line' id='line_1_31' title="bbox 75 3157 290 3166; baseline 0 0"><span class='ocrx_word' id='word_1_213' title='bbox 75 3157 290 3166; x_wconf 45' lang='lat' dir='ltr'><em>...u—-</em></span> 
     </span>
    </p>
   </div>
   <div class='ocr_carea' id='block_1_5' title="bbox 75 3199 1092 3352">
    <p class='ocr_par' dir='ltr' id='par_1_8' title="bbox 75 3199 1092 3352">
     <span class='ocr_line' id='line_1_32' title="bbox 109 3199 1092 3276; baseline -0.005 -16"><span class='ocrx_word' id='word_1_214' title='bbox 109 3257 110 3260; x_wconf 74' lang='grc'>,</span> <span class='ocrx_word' id='word_1_215' title='bbox 146 3209 173 3276; x_wconf 86' lang='grc'><strong>1)</strong></span> <span class='ocrx_word' id='word_1_216' title='bbox 198 3205 277 3260; x_wconf 88' lang='lat' dir='ltr'><strong>Idem</strong></span> <span class='ocrx_word' id='word_1_217' title='bbox 306 3205 475 3260; x_wconf 84' lang='lat' dir='ltr'><strong>censuerunt</strong></span> <span class='ocrx_word' id='word_1_218' title='bbox 500 3201 647 3272; x_wconf 80' lang='lat' dir='ltr'><strong>Managius</strong></span> <span class='ocrx_word' id='word_1_219' title='bbox 675 3201 711 3256; x_wconf 90' lang='lat' dir='ltr'><strong>ad</strong></span> <span class='ocrx_word' id='word_1_220' title='bbox 738 3199 1092 3270; x_wconf 76' lang='lat' dir='ltr'><strong>Laert.Diog.lX18et</strong></span> 
     </span>
     <span class='ocr_line' id='line_1_33' title="bbox 75 3280 1091 3352; baseline -0.007 -11"><span class='ocrx_word' id='word_1_221' title='bbox 75 3285 305 3342; x_wconf 83' lang='lat' dir='ltr'><strong>Schneidewinns</strong></span> <span class='ocrx_word' id='word_1_222' title='bbox 332 3283 363 3339; x_wconf 92' lang='lat' dir='ltr'><strong>in</strong></span> <span class='ocrx_word' id='word_1_223' title='bbox 391 3283 460 3338; x_wconf 89' lang='lat' dir='ltr'><strong>diar.</strong></span> <span class='ocrx_word' id='word_1_224' title='bbox 489 3280 594 3351; x_wconf 87' lang='lat' dir='ltr'><strong>antiqu.</strong></span> <span class='ocrx_word' id='word_1_225' title='bbox 625 3285 694 3335; x_wconf 77' lang='lat'><strong>1843</strong></span> <span class='ocrx_word' id='word_1_226' title='bbox 722 3298 749 3351; x_wconf 91' lang='lat' dir='ltr'><strong>p.</strong></span> <span class='ocrx_word' id='word_1_227' title='bbox 770 3286 830 3348; x_wconf 69' lang='lat'>⁵140,</span> <span class='ocrx_word' id='word_1_228' title='bbox 858 3281 908 3336; x_wconf 82' lang='lat' dir='ltr'><strong>dcl.</strong></span> <span class='ocrx_word' id='word_1_229' title='bbox 933 3295 1008 3352; x_wconf 84' lang='lat' dir='ltr'><strong>pecs.</strong></span> <span class='ocrx_word' id='word_1_230' title='bbox 1039 3281 1091 3352; x_wconf 75' lang='lat' dir='ltr'><strong>tyr.</strong></span> 
     </span>
    </p>
   </div>
   <div class='ocr_carea' id='block_1_6' title="bbox 76 3371 1093 3514">
    <p class='ocr_par' dir='ltr' id='par_1_9' title="bbox 76 3371 1093 3514">
     <span class='ocr_line' id='line_1_34' title="bbox 76 3371 1093 3514; baseline -0.01 -14"><span class='ocrx_word' id='word_1_231' title='bbox 76 3383 104 3436; x_wconf 39' lang='lat' dir='ltr'><strong>p·</strong></span> <span class='ocrx_word' id='word_1_232' title='bbox 125 3371 171 3514; x_wconf 46' lang='grc' dir='ltr'><strong>ιζ)</strong></span> <span class='ocrx_word' id='word_1_233' title='bbox 191 3442 346 3499; x_wconf 87' lang='lat' dir='ltr'><strong>Welandus</strong></span> <span class='ocrx_word' id='word_1_234' title='bbox 356 3443 376 3499; x_wconf 92' lang='lat' dir='ltr'><strong>l.</strong></span> <span class='ocrx_word' id='word_1_235' title='bbox 387 3460 407 3498; x_wconf 89' lang='lat' dir='ltr'><strong>s.</strong></span> <span class='ocrx_word' id='word_1_236' title='bbox 418 3461 446 3513; x_wconf 90' lang='lat' dir='ltr'><strong>p.</strong></span> <span class='ocrx_word' id='word_1_237' title='bbox 460 3447 493 3496; x_wconf 80' lang='lat'><strong>21</strong></span> <span class='ocrx_word' id='word_1_238' title='bbox 509 3443 539 3504; x_wconf 85' lang='lat' dir='ltr'><strong>et</strong></span> <span class='ocrx_word' id='word_1_239' title='bbox 552 3439 717 3496; x_wconf 87' lang='lat' dir='ltr'><strong>Karstenius</strong></span> <span class='ocrx_word' id='word_1_240' title='bbox 731 3458 758 3510; x_wconf 91' lang='lat' dir='ltr'><strong>p.</strong></span> <span class='ocrx_word' id='word_1_241' title='bbox 769 3445 817 3508; x_wconf 76' lang='lat'><strong>553</strong></span> <span class='ocrx_word' id='word_1_242' title='bbox 836 3439 881 3496; x_wconf 89' lang='lat' dir='ltr'><strong>his</strong></span> <span class='ocrx_word' id='word_1_243' title='bbox 903 3439 1032 3495; x_wconf 79' lang='lat' dir='ltr'><strong>similiter</strong></span> <span class='ocrx_word' id='word_1_244' title='bbox 1050 3438 1093 3491; x_wconf 86' lang='lat' dir='ltr'><strong>iu·</strong></span> 
     </span>
    </p>
   </div>
   <div class='ocr_carea' id='block_1_7' title="bbox 72 3523 366 3580">
    <p class='ocr_par' dir='ltr' id='par_1_10' title="bbox 72 3523 366 3580">
     <span class='ocr_line' id='line_1_35' title="bbox 72 3523 366 3580; baseline -0.01 1"><span class='ocrx_word' id='word_1_245' title='bbox 72 3525 150 3580; x_wconf 87' lang='lat' dir='ltr'><strong>dicat</strong></span> <span class='ocrx_word' id='word_1_246' title='bbox 168 3523 287 3579; x_wconf 82' lang='lat' dir='ltr'><strong>Karnius</strong></span> <span class='ocrx_word' id='word_1_247' title='bbox 307 3523 325 3579; x_wconf 93' lang='lat' dir='ltr'><strong>l.</strong></span> <span class='ocrx_word' id='word_1_248' title='bbox 345 3541 366 3578; x_wconf 85' lang='lat' dir='ltr'><strong>a.</strong></span> 
     </span>
    </p>
   </div>
   <div class='ocr_carea' id='block_1_8' title="bbox 0 0 1234 3832">
    <p class='ocr_par' dir='ltr' id='par_1_11' title="bbox 0 0 1234 3832">
     <span class='ocr_line' id='line_1_36' title="bbox 0 0 1234 3832; baseline 0 0"><span class='ocrx_word' id='word_1_249' title='bbox 0 0 1234 3832; x_wconf 95' lang='lat' dir='ltr'><strong> </strong></span> 
     </span>
    </p>
   </div>
  </div>
 </body>
</html>
