2452 3832
60 146 111 188 mr.
126 147 183 188 vm
450 157 492 168 -
541 120 605 187 105
652 158 694 168 —

61 287 187 350 tandem
219 286 351 364 imagine
377 303 452 346 usus
480 283 546 347 est?
595 288 717 363 praeter
744 288 844 346 oetera
873 287 1081 364 quaerendum

62 390 119 464 est,
143 383 296 462 quidhoc
319 385 385 445 loeo
409 383 512 445 veleat
533 403 593 446 uox
614 383 778 460 tripliciter
800 388 949 462 usurpate
971 405 1080 464 puppu-

21 561 27 564 -
60 477 129 555 θός.
179 481 338 546 notissima
376 485 424 544 est
454 481 539 543 notio
571 499 678 544 nessae
713 483 894 559 piscatoriae
926 482 1016 546 obvia
1047 482 1080 542 in

62 578 224 658 proverbio
255 571 412 660 γοργοθὸν
443 580 555 656 posim
587 581 716 640 alteram
748 580 870 642 exhibet
900 580 1029 658 Hesynh.
1052 599 1080 640 v.

61 671 230 760 γυργαθόν·
262 678 369 750 σκεῦος
399 669 538 752 wicarde,
570 673 604 737 ἐν
636 665 660 761 ᾧ
689 671 831 755 βάλλουσι
856 670 908 739 τὸν
934 671 1025 755 ἄρτον
1051 673 1084 738 οῖ

62 769 238 856 &pronomen
261 775 355 838 tertia
377 773 493 853 legitur
515 774 597 851 apud
616 775 742 836 Suidam
764 796 791 837 v.
810 768 973 855 γοογαθός,
995 773 1079 852 κλίνη

62 871 98 935 ἓν
125 861 145 954 ᾖ
173 865 243 944 τοὺς
269 867 414 949 erupimus
439 868 490 932 aui
517 863 728 950 δοιμονιοίδεις
750 873 915 952 apollodor.
960 871 1080 949 ultima,

63 989 157 1048 quam
183 968 431 1031 Aldobrandinus
458 969 507 1028 hio
535 969 695 1032 admittere
722 970 822 1031 voluit
849 971 893 1030 ita
919 974 957 1030 ut
979 971 1080 1032 Zenon

62 1073 222 1144 tamquam
243 1085 373 1128 vesanus
397 1066 606 1145 denotaretur,
630 1067 668 1128 ab
691 1067 876 1146 antiquitate
898 1068 1005 1145 procul
1027 1067 1080 1128 ha·
1166 1099 1170 1106 ·

62 1165 162 1226 benda
185 1168 240 1225 est.
275 1165 413 1242 plerique
436 1165 596 1242 vulgarem
617 1164 773 1226 notionem
795 1164 995 1226 adhibendam
1015 1183 1080 1226 esee

63 1265 208 1324 struunt
234 1265 266 1323 et
292 1263 331 1324 od
359 1262 509 1341 captiosas
533 1263 825 1341 argumentationes,
857 1263 968 1342 quibus
991 1263 1081 1325 stoici

62 1360 277 1439 reparatiores
305 1354 376 1434 τοὺς
405 1362 657 1440 προσομιλοῦντας
689 1352 772 1442 (vide
800 1351 1004 1439 Chrysippum
1031 1360 1080 1439 ap.

61 1459 187 1519 Lueian.
210 1458 264 1520 vit.
287 1462 368 1519 anet.
391 1477 415 1518 o.
440 1449 512 1539 22),
543 1457 693 1536 referunt,
725 1476 828 1518 omnes
854 1462 957 1520 tamen
984 1459 1016 1520 in
1044 1477 1079 1521 eo

62 1553 135 1614 falsi
153 1552 235 1630 quod
252 1555 377 1632 plagam
395 1553 587 1614 subtiliorem
604 1575 620 1615 e
639 1556 703 1616 lino
721 1574 831 1616 nexam
847 1556 993 1633 rogitant,
1011 1573 1082 1616 oum

62 1645 216 1730 γυργαθὸς
237 1652 408 1730 generalem
423 1651 515 1712 oratis
530 1669 566 1710 ex
579 1651 743 1712 viminibus
757 1655 915 1714 contextae
926 1653 1079 1714 notionem

63 1765 183 1824 semper
209 1750 320 1810 teneat.
367 1747 420 1810 sed
446 1748 611 1826 rapiuntur
636 1751 735 1826 pisoes
761 1767 833 1811 sane
859 1749 952 1810 etiam
974 1750 1082 1828 nassis,

62 1847 110 1908 ita
136 1849 260 1907 utnon
286 1847 366 1906 male
392 1844 527 1924 fingatur
550 1846 652 1907 Zenon
673 1863 765 1906 nassa
785 1846 817 1906 in
839 1846 917 1908 mari
938 1847 989 1908 rel
1011 1847 1082 1906 lanu

62 1943 114 2005 vel
140 1942 263 2005 flumine
291 1943 391 2004 neseio
420 1962 479 2020 quo
508 1942 652 2020 imposita
678 1943 777 2021 pisees
805 1947 908 2004 cetera
931 1944 1082 2022 aquatilia

63 2043 198 2117 captans.
236 2044 269 2100 at
289 2059 345 2118 per
367 2058 399 2101 se
421 2059 483 2100 non
504 2040 606 2102 minus
625 2044 699 2118 apte
714 2041 837 2102 videtur
855 2041 894 2102 ad
911 2041 1081 2103 descrihen-

63 2137 136 2199 dam
163 2137 303 2216 gulosam
326 2155 419 2197 anum
442 2131 624 2215 ‘panarium'
649 2140 888 2200 commemorari:
916 2139 966 2200 oui
988 2139 1081 2200 inter·

62 2233 230 2313 pratalioni
256 2235 359 2294 tamen
382 2233 414 2294 id
436 2255 533 2294 unum
556 2234 659 2296 obstat
680 2237 907 2315 gravissimum,
931 2238 1013 2313 quod
1035 2237 1080 2296 in·

63 2329 171 2408 tellegi
188 2349 311 2408 prorsus
330 2335 463 2409 nequeat
481 2332 631 2410 quomodo
650 2333 811 2410 panarium
829 2329 905 2394 ἰέναι
923 2334 973 2394 vel
987 2330 1081 2417 ἔρρειν

64 2429 185 2489 dicatur
211 2427 271 2488 nisi
300 2430 470 2491 aoouratior
496 2429 658 2507 descriptio
687 2429 818 2491 aooedat.
865 2433 970 2490 eontra
992 2447 1083 2489 nassa

64 2526 188 2585 flumine
212 2526 330 2608 agitata
353 2528 402 2588 vel
426 2528 519 2588 etiam
541 2527 644 2588 delata
664 2527 754 2587 facile
773 2527 848 2606 fingi
865 2528 975 2605 potuit.
1011 2527 1081 2587 hao-

65 2627 155 2682 tenus
173 2622 372 2699 probabiliter
384 2624 527 2704 progredi
546 2625 627 2705 lieet,
645 2626 765 2702 relique
778 2625 941 2686 admodum
954 2625 1080 2686 lubrica.

132 2719 236 2779 Verba
258 2719 338 2780 enim
360 2715 463 2798 μικρὸς
485 2712 543 2782 triv
565 2719 644 2800 ἔρρει
660 2725 697 2782 ut
714 2723 988 2800 interpretarentur
1005 2722 1081 2783 mire

66 2837 98 2880 se
112 2819 268 2880 torsemmt
281 2817 340 2878 riri
353 2817 442 2878 doeti.
466 2819 589 2880 rettulit
603 2838 639 2880 ea
652 2821 880 2898 Bernhardyius
894 2812 949 2901 (od
959 2820 1042 2880 Suid.
1053 2843 1080 2882 v.

65 2906 245 2996 σκινδοψός)
265 2914 305 2976 ed
321 2914 478 2991 spinarum
495 2916 725 2976 dialecticarum
743 2916 888 2976 subtilem
906 2919 1082 2977 oontextum

64 3011 174 3072 habitu
204 3011 364 3090 figuraque
395 3013 556 3092 pusillum,
590 3007 655 3090 ‘qui
682 3030 788 3072 nassae
815 3012 913 3072 instar
938 3017 1081 3090 pertusae

66 3109 208 3170 diffluens
243 3109 383 3169 manibus
417 3109 544 3170 Zenonis
582 3111 669 3187 quasi
706 3109 833 3171 ulterius
865 3111 988 3188 Sisyphi
1020 3113 1081 3172 ela-

65 3200 215 3284 beretur'3
243 3207 443 3284 similiterque
470 3206 593 3268 videtur
619 3207 768 3267 iudicasse
793 3206 866 3268 (iod.
890 3206 1082 3272 Hermaunus

67 3296 314 3384 (Huebnerianae
327 3305 473 3384 Diogenis
486 3306 546 3366 vol.
560 3305 593 3364 Π
606 3326 635 3382 p.
651 3297 722 3387 93):
742 3305 795 3367 sed
812 3324 910 3383 neque
928 3301 1082 3386 γυργαθός

65 3402 160 3480 plaga
183 3401 326 3462 subtilior
347 3406 394 3462 est
417 3394 468 3483 (ut
490 3402 553 3462 dixi
575 3394 683 3484 supra)
708 3422 763 3462 neo
787 3403 868 3480 quod
891 3421 993 3463 omnes
1011 3404 1082 3464 libri

65 3503 195 3560 tuentur
216 3492 280 3559 loir
303 3493 378 3583 (non
396 3493 469 3584 ἐὼν)
489 3496 633 3580 explicari
650 3503 753 3580 potest
770 3519 872 3579 neque
887 3499 1095 3559 leterat'mdxs
