2454 3840
539 177 580 185 —
629 140 692 204 186
739 175 780 184 -
1042 163 1167 206 morus

157 297 246 381 δόξης
269 306 301 363 et
322 301 455 362 rixarum
479 294 530 384 (ef.
549 303 585 361 fr.
604 287 719 362 XXXII
737 323 764 362 v.
785 304 814 380 4,
831 303 991 363 XXXVIII
1009 323 1037 365 r.
1053 289 1100 385 2).
1132 304 1170 362 ad

157 400 247 460 huius
284 400 381 478 igItur
410 399 583 477 philosophi
614 400 710 461 vitam
743 401 911 460 solitariam
942 401 1170 462 describendam

157 498 216 558 duo
253 497 379 558 novavit
413 496 506 558 verba
539 497 646 557 Timon
682 490 861 576 αὐτόσχολον
892 502 924 558 et
954 492 1169 577 αὐτολαλητήνε

157 588 332 674 αι’ττόσχολος
355 613 440 672 vero,
462 599 499 653 ut
520 596 601 654 recte
619 594 838 670 interpretatur
855 595 1024 655 Meinekins
1042 596 1064 654 l.
1083 613 1105 655 s.
1126 598 1170 655 est

158 686 222 770 ‘qui
245 692 303 752 sibi
325 695 427 769 vacat,
449 710 510 750 non
531 685 622 750 eliis'.

556 827 766 834 m———1—..mffl

605 954 721 1013 LXIIII

223 1078 434 1139 Athenaeus
452 1079 497 1136 VI
514 1100 543 1156 p.
558 1071 639 1139 251b
661 1078 760 1155 Τίμων
779 1070 796 1138 ὅ
817 1072 956 1150 Φλιάσιος
977 1075 1010 1138 ἒν
1027 1081 1070 1162 τῷ
1088 1079 1171 1162 τρίτῳ

158 1177 217 1236 τῶν
236 1175 342 1235 σίλλων
357 1169 548 1256 Ἀρίστωνά
567 1191 640 1252 φησι
658 1167 718 1234 τὸν
737 1178 841 1252 Χῖον,
855 1170 1025 1253 Ζήνωνος
1050 1172 1088 1235 δὲ
1110 1179 1172 1236 τοῦ

157 1267 308 1344 Κιτιέως
330 1266 529 1351 γνώριμον,
557 1265 690 1331 ιτόλαιια
712 1269 882 1351 γενέσθαι
905 1272 1088 1349 Περσαίου
1112 1276 1172 1332 τοῦ

158 1362 380 1445 φιλοσόφου,
394 1361 446 1428 ὅτι
465 1356 509 1445 ἦν
528 1364 667 1444 ἑταῖρος
682 1362 889 1447 Ἀντιγόνου
906 1371 969 1428 τοῦ
988 1366 1171 1446 βασιλέως.

413 1593 415 1600 ’
502 1632 584 1692 nxv
609 1625 665 1713 (ετ
684 1625 818 1716 proteo.)

636 1749 673 1815 ἐν
697 1747 734 1816 el
756 1747 947 1835 πλατυσμὸς

201 1853 566 1941 πουλυμαθημοσύνης,
590 1857 648 1938 τῆς
671 1849 712 1920 οὐ
734 1851 937 1938 κενεώτερον
961 1853 1045 1922 ἄλλο

437 2038 557 2081 nonam
579 2036 743 2080 DETOR'I'VS
767 2037 883 2080 vnsssvs

156 2137 187 2191 in
206 2155 230 2192 v.
253 2120 282 2192 A:
301 2155 319 2205 η
338 2142 390 2192 216
409 2130 444 2191 οὗ
465 2178 537 2192 ....
556 2132 693 2204 κύντερον
712 2130 779 2189 ἄλλο

224 2285 310 2328 rnsn.
338 2266 547 2328 Athenaeus
565 2266 641 2326 XIII
658 2286 687 2343 p.
708 2258 787 2326 610b
810 2263 861 2327 κοιλ
883 2258 899 2325 ὁ
920 2266 1021 2344 Τίμων
1046 2262 1079 2326 δὲ
1099 2265 1170 2346 ἔφη·

157 2363 212 2426 «ἐν
233 2397 271 2407 -
294 2359 394 2426 ἄλλο».

226 2515 252 2552 v.
273 2504 287 2551 1
308 2494 339 2552 ἒν
357 2498 385 2550 A
399 2499 409 2567 ΙΙ
431 2515 457 2552 v.
476 2503 492 2550 2
511 2492 789 2565 τιολομαθημοοτλνης
807 2497 834 2549 A
855 2497 860 2566 1
880 2491 965 2565 οὔτε,
983 2492 1125 2574 νεώτερον
1142 2501 1168 2551 A

223 2615 318 2686 corin.
346 2617 524 2704 Πλατυσμός
547 2631 593 2686 est
614 2628 753 2704 iaotatIo;
775 2627 829 2687 sed
852 2627 912 2687 diei
934 2629 1042 2706 nequit
1064 2635 1169 2690 utrum

155 2725 272 2785 usitata
316 2723 521 2805 τταρονομοτσίμ
566 2725 674 2784 Timon
716 2724 875 2784 Platonem
918 2729 1087 2805 pupugerit
1131 2748 1169 2786 an

156 2822 251 2883 alium
269 2820 475 2899 dogmaticum
491 2820 713 2900 philosophum.
741 2821 900 2882 Platonem
914 2825 1063 2902 rogitavit
1078 2827 1169 2885 etiarn

154 2919 305 2998 Bergkirrs
324 2919 360 2980 de
379 2919 485 2997 reliqu.
505 2937 578 2979 eom.
598 2920 713 2997 antiqu.
727 2940 756 2996 p.
774 2922 845 2998 180,
869 2919 928 2980 nisi
950 2921 1080 2981 fortasse
1094 2922 1167 2999 Hip-

154 3036 215 3094 pon
234 3017 276 3077 eis
290 3020 476 3095 tangeretur.
504 3016 610 3094 paneis
624 3016 787 3077 animante
801 3017 976 3077 Athenaeus
990 3022 1169 3081 narraverat

154 3112 326 3189 Hipponem
356 3108 408 3173 τὸν
440 3108 535 3174 ἄθεον
564 3113 674 3174 dixisse
703 3107 1015 3192 εττουλομοιθημοστλνη
1046 3117 1100 3192 τῆς
1133 3110 1168 3176 οὗ

153 3202 328 3286 κενεώτερον
346 3203 450 3270 οὐδέν’
453 3257 459 3271 .
487 3211 656 3270 Meinekius
673 3213 775 3270 tamen
794 3229 887 3270 exero.
903 3213 934 3270 iu
948 3211 1019 3270 Ath.
1034 3212 1110 3289 Hp.
1126 3215 1166 3272 33

155 3298 213 3386 (=
238 3306 316 3364 anal.
338 3326 367 3382 p.
393 3300 471 3390 292)
499 3309 609 3369 statuit
631 3307 709 3367 falso
733 3307 866 3367 Timonis
889 3327 1010 3369 versum
1031 3308 1168 3387 Hipponi

153 3401 339 3479 adscriptum
358 3419 431 3481 esse,
451 3405 531 3481 quod
549 3405 624 3464 mihi
643 3423 764 3483 quoque
781 3405 901 3464 arridet.
939 3399 1031 3483 ‘atque
1050 3409 1168 3485 aliquo·

153 3503 242 3560 tenus
271 3503 303 3561 et
329 3491 525 3561 confirmatur
546 3505 578 3561 et
602 3503 772 3562 soouretius
801 3501 943 3562 definitur
968 3502 1043 3563 haee
1065 3506 1167 3582 opinio
