2438 3832
69 160 120 201 ru.
134 159 183 200 1111
460 171 502 180 -
552 134 613 198 197
662 170 703 178 -

143 311 169 348 v.
192 299 205 346 1
229 289 382 361 κρήτητις
400 293 451 361 Ap.
476 294 480 360 Ι
505 287 585 353 πόλις
609 287 667 344 ἔστι
687 288 779 344 Laert.
800 289 851 359 Ap.
872 287 995 360 (clemp
1024 285 1085 358 γαῖ’

70 382 132 440 ἔστι
145 381 235 450 Dem,
253 379 337 448 πολιή
354 375 409 434 ’στι
423 379 517 435 Moser
534 377 565 433 in
579 377 683 433 Doubii
701 381 731 433 et
744 377 872 433 Creuzeri
891 379 1033 435 studxvol.
1049 377 1088 433 Vl

68 490 97 542 p.
114 477 166 526 325
183 473 187 538 Ι
204 472 298 525 οίνοπι
315 468 411 542 πόντῳ
431 468 524 523 Laert.
543 467 664 522 Vindob.
682 473 731 522 106
748 469 752 536 Ι
771 469 998 524 ΤΤΦιοΤωΝΤοο
1019 467 1047 536 (i.
1063 485 1086 526 e.

67 559 152 630 τόφῳ
182 552 277 630 πόντῳ
301 556 418 612 minime
441 557 517 625 quod
539 555 630 612 voluit
653 556 684 613 Ο.
703 555 774 611 Iahn
801 552 882 630 τόφφ
905 558 1009 627 omitto)
1033 557 1086 626 Ap.

70 648 132 704 cod.
151 646 226 701 Flor.
245 649 363 716 uterque
382 647 411 702 et
428 645 535 701 Victor.
558 650 568 715 Ι
590 664 616 701 v.
637 651 652 698 λ
677 647 846 716 περίρρυτον
869 641 956 700 οὐδὲν
975 645 1086 715 scripsi:

70 738 238 807 περίρρυτος
256 738 414 806 (περίρυτος
432 734 524 791 Laert.
543 735 572 790 Β
591 736 621 789 et
639 735 667 788 P
683 733 788 806 [sedin
807 734 861 789 hoc
879 737 947 800 m,1
967 735 1088 788 alterum

70 847 88 896 ρ
108 826 235 897 sprecr.])
254 819 340 880 oridlr
358 824 438 891 libri;
457 824 639 894 περίρρυπος·
660 818 747 879 οὐδέν
764 821 798 877 H.
820 821 978 892 Stephanus
997 825 1007 890 Ι
1024 840 1049 876 v.
1070 829 1086 876 3

70 913 183 970 είοπλει·
199 912 292 984 μωρὸς
310 909 383 984 ἀνὴρ
401 908 556 981 παράσιτος
570 911 662 967 Laert.
677 911 708 964 F
722 913 726 982 Ι
743 907 849 982 μάργος
865 909 976 981 scripsi:
995 905 1088 980 μωρὸς

68 1000 137 1058 libri
158 1004 169 1075 Ι
194 1022 220 1058 v.
240 1007 258 1056 4
285 1000 378 1073 πόρνη
403 998 615 1070 ἐπαγαλλομὲνη
633 999 762 1055 Meineke
786 999 884 1074 philol.
904 999 956 1053 XV
974 1017 1002 1069 p.
1022 1003 1086 1064 3353

72 1090 179 1160 poteris
203 1087 308 1160 πόρνος
331 1111 373 1154 τις
394 1085 585 1158 ἀγαλλόμενος
611 1095 615 1158 Ι
637 1086 743 1158 πόρνος
766 1088 860 1160 Bergk
882 1088 912 1143 iu
930 1088 1021 1157 Lyric.
1041 1086 1086 1142 Gr.

70 1181 137 1236 edit.
152 1181 216 1236 tert.
233 1178 297 1235 coll.
312 1178 398 1234 Clem.
413 1179 433 1234 l.
449 1197 483 1232 s.=
498 1173 604 1246 πόρνης
620 1175 687 1231 libri
703 1181 707 1248 Ι
724 1173 946 1246 ἐπυγελλόμευος
959 1175 1051 1232 Laert.
1065 1177 1087 1244 f,

71 1263 280 1339 όπαγαιόμενος
293 1266 456 1324 dubitanter
469 1267 597 1324 Meineke
611 1266 630 1322 l.
641 1285 662 1322 s.
677 1269 687 1338 Ι
700 1273 752 1322 ut
767 1262 865 1337 θυμόν
878 1267 973 1322 Laert
984 1266 1019 1320 H
1024 1262 1088 1332 (θό-

69 1377 125 1427 μου
144 1375 213 1414 corr.
228 1374 263 1412 ex
276 1355 372 1428 θυμόν
388 1358 424 1425 P)
438 1359 449 1426 ΙΙ
462 1375 488 1411 v.
499 1362 550 1411 6.λ
570 1351 717 1425 ἀλλήλους·
738 1355 804 1426 περὶ
821 1352 929 1412 τούτων
949 1350 1000 1426 oriz
1014 1350 1088 1410 όπλοι

69 1445 232 1516 κέκτηνται·
257 1447 321 1516 περὶ
344 1444 482 1516 κέρματος
503 1444 581 1500 libri:
611 1445 867 1516 interpunctionem
890 1462 961 1501 corr.
979 1444 1086 1514 Bergk3

69 1531 210 1606 ἀλλήλους·
245 1533 291 1590 ἐπὶ
320 1535 430 1596 τοότοις
458 1529 510 1602 οὐχ
538 1529 612 1589 όπλοι
640 1533 803 1602 κέκτηνται,
837 1529 884 1588 ἐπὶ
911 1531 1028 1602 τέρματι
1057 1529 1085 1586 δ’

68 1625 192 1679 Meibom
211 1626 220 1694 ΙΙ
239 1642 264 1678 u.
286 1630 300 1678 7
321 1617 385 1677 οὐδ’
406 1621 501 1690 Bergk
522 1624 526 1688 Ι
546 1621 698 1690 κέκτηνται
716 1619 786 1674 mihi
805 1621 965 1689 suspectum
981 1625 985 1687 Ι
1003 1615 1049 1690 ori]
1069 1615 1086 1689 ἢ

67 1711 191 1769 Meibom

139 1871 234 1912 coum.
272 1850 382 1910 Paucis
415 1867 492 1927 quae
524 1867 603 1907 nunc
635 1849 668 1907 in
695 1849 742 1908 his
770 1849 889 1909 mutavi
919 1848 1085 1909 defendam.

69 1971 98 2010 v.
123 1951 141 2006 2
172 1941 262 2007 οὐδὲν
289 1945 397 2026 ἔχουσα
419 1965 517 2024 neque
540 1949 610 2023 post
632 1946 730 2025 πίειρα
752 1946 869 2006 dictum
891 1947 964 2006 ferri
986 1951 1087 2024 potest

69 2065 169 2123 neque
193 2064 262 2104 cum
284 2066 312 2105 v.
337 2046 356 2104 5
381 2045 550 2104 coneordat.
591 2045 695 2122 itaque
720 2063 794 2122 pera
815 2045 923 2122 nequit
945 2041 1086 2106 contendi

71 2144 194 2206 omuino
207 2179 208 2184 κ
219 2142 328 2203 habere
346 2143 432 2222 nihil,
456 2144 508 2203 sed
527 2143 626 2202 solum
643 2146 743 2202 certae
762 2142 919 2203 cuiusdam
936 2143 981 2204 rei
998 2145 1088 2222 nihil3

71 2261 151 2320 quae
174 2241 275 2320 qualis
299 2242 339 2302 sit
362 2261 398 2301 ex
420 2244 531 2300 natura
552 2241 737 2318 placitorum
758 2240 850 2299 huius
871 2245 971 2301 sectae
989 2245 1087 2318 patet:

69 2341 208 2402 luxuriae
245 2341 322 2400 nihil
357 2340 451 2400 habet
486 2340 536 2401 vel
570 2337 783 2398 abundantiae.
837 2338 949 2398 idcirco
981 2339 1087 2415 scripsi

69 2437 245 2518 περίρρυτον
278 2433 367 2500 οὐδὲν
399 2435 520 2517 ἔχουσα,
553 2436 635 2515 quod
661 2435 822 2496 Homerico
850 2454 941 2497 versu
968 2437 1087 2497 detorto

69 2535 150 2595 idem
167 2538 269 2598 valere
287 2538 420 2599 voluerit
439 2535 545 2596 Crates
564 2539 656 2612 atque
674 2534 752 2594 dixit
765 2534 948 2595 Plutarchus
961 2535 1027 2594 Per.
1046 2537 1084 2595 16

69 2626 194 2704 οὐδενὸς
222 2631 433 2712 περιρρέοντος.
479 2635 522 2694 sic
550 2634 641 2694 simul
667 2634 798 2694 alterum
820 2633 963 2694 mendum
985 2638 1086 2696 sustu-

68 2729 168 2788 limus.
207 2729 335 2788 nimium
353 2749 424 2791 vero
444 2735 498 2809 est,
517 2731 600 2809 quod
617 2731 809 2792 intolerabile
827 2751 898 2792 saue
915 2732 1088 2811 περίρρυτος

68 2824 217 2885 traditum
244 2829 404 2886 mutarunt
429 2828 462 2885 in
488 2828 682 2904 περίρροπος;
712 2830 885 2906 squalorem
911 2829 968 2888 hoc
991 2829 1086 2904 potis-

69 2920 180 2982 simum
209 2923 344 2998 tempore
372 2922 470 2999 cynici
497 2923 625 2982 fortasse
653 2925 840 3001 pronihilo,
872 2924 925 2983 scd
948 2944 1009 2984 non
1030 2933 1086 3000 'pro

67 3017 218 3080 laudabili
234 3019 317 3080 ritae
336 3019 440 3080 decore
453 3019 619 3080 duxerrmt.
636 3051 675 3062 -
690 3020 834 3100 Pergitur
852 3023 956 3080 autem
972 3022 1085 3098 optime

68 3115 107 3174 ed
129 3117 236 3192 procul
259 3116 431 3177 habendum
452 3117 484 3177 id
507 3135 602 3195 genus
624 3118 781 3178 hominum
803 3118 885 3196 quod
908 3119 947 3178 ad
967 3137 1085 3180 omnem

67 3203 221 3274 luxuriam
241 3214 383 3276 advolare
403 3215 528 3274 solitum
547 3219 601 3294 est,
619 3215 823 3293 parasitorum
841 3218 871 3275 et
885 3215 1086 3278 cinaedorum.

68 3310 120 3370 sed
146 3314 263 3373 'stultos
297 3331 360 3373 esse
394 3313 545 3390 parasitos
578 3314 646 3391 quis
679 3313 799 3376 audivit
823 3315 873 3375 vel
905 3315 1086 3377 crediderit?
1167 3339 1169 3344 ·

66 3408 232 3483 perlustres
264 3412 388 3489 longam
421 3411 626 3488 epithetorum
659 3412 781 3490 seriem,
811 3431 903 3490 quam
935 3416 1088 3491 congessit

66 3522 165 3580 nuper
187 3509 391 3584 parasitorum
413 3509 580 3588 descriptor
597 3511 781 3573 verissimus
799 3515 835 3570 st
851 3508 1120 3583 saczsensem
