2454 3840
61 161 116 204 nm
131 161 319 201 mmxxnn
452 175 495 185 -
544 139 605 203 127
653 175 694 184 —-

517 337 636 396 XXIIII

110 457 161 532 τίς
184 449 216 518 ‹l'
243 443 342 532 οὗτος
364 457 475 532 κτίλος
499 448 543 531 ὃς
566 453 776 520 ἐπιπωλεῖται
799 459 912 541 στίχας
930 455 1081 546 οἷνδρῶνς

113 560 267 646 μωλύτης
290 558 396 628 ἐπέων
419 563 517 640 λίθος
531 557 677 645 Ἄσσιος,
701 557 804 647 ὅλμος
826 557 975 646 ἄτολμος.

366 743 487 785 nontam
509 743 649 786 DETOR'I'I
672 745 788 789 VERSVS

61 843 93 896 in
112 859 139 895 v.
161 848 188 894 1:
207 843 236 894 K
252 846 286 896 82
304 839 347 903 τίς
365 835 394 895 δ’
416 831 499 904 οὖτος
518 843 628 911 (eadem
647 859 742 896 versus
761 843 837 912 sede)

209 931 236 982 Γ
253 934 305 984 196
323 923 411 992 αὐτὸς
429 927 461 984 δὲ
481 929 573 993 κτίλος
593 923 631 993 ὣς
650 926 833 986 ἐπιπωλεῖται
851 933 945 1001 στίχας
960 928 1081 1002 ἀνδρῶν.

131 1096 303 1157 Laertius
322 1096 423 1176 Diog.
442 1096 503 1156 VH
524 1099 587 1158 170
605 1085 644 1176 ἦν
664 1090 855 1180 (Cleanthes)
876 1092 999 1172 πονικὸς
1017 1097 1082 1177 μέν,

61 1187 167 1270 ἀφυής
199 1186 256 1275 (sie
280 1192 412 1255 Cebetas
439 1213 494 1271 pro
521 1186 682 1277 ιἰφνσικὸς)
714 1191 746 1256 δὲ
773 1194 823 1256 καὶ
850 1189 965 1276 βραδὺς
992 1188 1082 1275 ὑπερ-

63 1284 244 1369 βαλλόντως
269 1285 385 1352 διὸκαὶ
405 1291 506 1370 Τίμων
523 1289 589 1372 περὶ
612 1287 704 1355 αὐτοῦ
722 1310 816 1372 φησιν
838 1288 944 1366 οὕτως·
968 1292 1031 1366 «τίς
1049 1286 1078 1353 δ’

62 1418 107 1430 ·-
120 1382 275 1466 ἄτολμος».
298 1388 527 1468 Anthologia
540 1389 656 1450 Palat.
672 1391 715 1450 XI
730 1394 792 1454 296
813 1383 955 1473 (Planud.
970 1412 999 1471 p.
1017 1392 1079 1452 133

64 1475 125 1566 St.)
151 1483 297 1563 Τίμωνος
321 1485 363 1558 εἰς
386 1479 561 1564 Κλεάνθην·
586 1487 650 1560 «τίς
673 1519 715 1530 -
739 1483 893 1568 ἄτολμος».

135 1637 161 1673 v.
184 1624 197 1673 1
217 1613 293 1674 οὕτω
310 1617 402 1675 Laert.
420 1620 454 1688 fl
471 1611 502 1682 ὃς
520 1620 611 1676 Laert.
631 1621 667 1675 H
669 1621 725 1691 PQ
738 1623 748 1690 ΙΙ
760 1640 787 1678 v.
798 1628 822 1677 ’2
842 1617 968 1692 μωλύτης
986 1622 1079 1678 Laert.

61 1706 98 1762 H
100 1705 135 1760 1²³
148 1707 249 1762 Antan
265 1703 391 1778 μωλντὴς
404 1708 498 1762 Laert.
513 1707 650 1779 BGP¹Q
666 1713 670 1776 Ι
688 1705 789 1777 ἐπέων,
808 1712 889 1773 λίθος
902 1710 1031 1766 Memeke
1049 1709 1080 1764 In

62 1795 191 1851 Caesaris
206 1795 275 1850 diar.
290 1796 397 1864 antiqu.
407 1795 448 1850 III
460 1812 489 1863 p.
498 1800 564 1851 320:
580 1789 673 1851 ἐπέων
688 1799 770 1865 φίλος
783 1797 850 1852 libri
866 1799 870 1869 Ι
887 1793 970 1869 ὅλμος
984 1799 1077 1854 Laert.

63 1883 190 1954 οΗΡρ

132 2060 227 2102 somn.
259 2042 411 2102 Inurbane
444 2043 497 2102 sed
523 2062 584 2104 non
611 2042 676 2102 sine
703 2044 810 2104 aearbo
838 2046 975 2105 acumine
999 2063 1078 2106 eem-

62 2140 251 2218 parationem
260 2139 453 2200 Homem‘eam
468 2158 503 2200 ex
516 2141 640 2202 illorum
655 2145 827 2219 temporum
844 2142 949 2205 nativa
963 2143 1078 2220 simpli-

62 2238 156 2299 eitate
179 2238 301 2298 minime
319 2238 511 2299 inhonestam
530 2238 569 2298 ad
589 2258 659 2299 eum
677 2239 892 2316 philosophum
909 2240 1078 2318 transtulit,

62 2336 116 2413 qui
131 2353 149 2394 a
164 2335 420 2396 commilitonibus
435 2336 498 2396 suis
512 2330 583 2408 ὄνος
596 2336 811 2414 appellabatur
824 2329 876 2418 (ef.
886 2338 985 2398 Laert.
1000 2339 1020 2396 l.
1031 2328 1077 2419 s).

129 2431 208 2492 Dein
221 2433 386 2493 fasciculus
401 2434 613 2512 ambiguarum
626 2435 800 2495 inrisionem
813 2435 894 2496 inest
906 2436 938 2495 in
947 2454 1038 2496 versu
1049 2437 1077 2494 2.

62 2523 199 2608 μωλύτης
227 2529 308 2608 quod
330 2531 457 2593 novavit
479 2531 587 2593 Timon
610 2532 767 2600 derivatur
789 2550 808 2591 a
831 2534 929 2612 μῶλος
951 2536 988 2593 ut
1009 2553 1077 2612 πρε·

60 2620 172 2706 σβιίτης
199 2624 382 2706 κπρίσβνς;
410 2647 508 2706 neque
537 2631 602 2690 sola
628 2631 751 2708 propiia
781 2629 963 2708 signifieatio
986 2631 1078 2710 valet,

62 2742 124 2802 qua
147 2741 221 2784 usus
240 2727 286 2786 est
303 2725 456 2786 Nicander
475 2727 562 2787 Ther.
580 2749 608 2790 v.
629 2730 670 2788 32
693 2730 791 2806 μῶλος
809 2725 990 2807 ἐπιστιίβων,
1013 2729 1032 2788 i.
1052 2748 1076 2788 e.

60 2820 228 2882 seeundum
262 2822 458 2883 scholiastam
489 2817 603 2902 βραδὺς
633 2822 683 2884 καλ
715 2819 819 2902 νωθὴς
849 2817 870 2902 ἢ
904 2818 1026 2904 μογερὸς
1056 2817 1077 2902 ἢ

60 2912 208 2998 νωχελὴς.
220 2965 226 2978 .
238 2967 244 2978 .
254 2915 305 2979 καί
319 2912 401 2999 μόλις
415 2919 540 2998 βαίνων,
554 2921 607 2980 sed
620 2922 718 2982 multo
731 2922 830 3000 magis
845 2921 938 2981 etiam
947 2921 1078 2999 quadrat

60 3016 144 3095 quod
162 3016 314 3095 Hesychie
337 3019 416 3078 teste
439 3018 538 3096 μῶλος
561 3021 607 3078 est
630 3011 795 3097 ὃᾶμαθνὶς,
818 3022 855 3079 ut
877 3011 998 3096 μῶλνκα
1021 3019 1076 3079 Za·

10 3117 13 3122 ’
60 3115 180 3192 cynthii
202 3115 343 3175 dixenmt
369 3109 421 3177 τὸν
445 3107 625 3176 ἀπαίδευτον
652 3119 684 3176 at
707 3109 844 3195 μωλνρόν
867 3115 922 3175 alii
944 3107 1077 3195 νωθρόν,

61 3201 203 3272 ‘bardus'
229 3213 325 3292 igitur
347 3214 397 3275 vel
421 3206 593 3290 ‘stupidus'
618 3213 705 3273 auffit
727 3211 897 3274 Cleanthes.
939 3214 1013 3275 item
1038 3215 1077 3275 λί

59 3315 119 3383 θος
142 3301 236 3391 (quae
256 3315 302 3372 est
319 3313 475 3389 praeclara
493 3310 637 3370 Meinekii
660 3303 845 3394 emendatio)
864 3316 992 3374 vocatur
1010 3313 1075 3391 qui·

59 3408 107 3470 vis
131 3409 258 3486 simplex
281 3413 313 3470 et
335 3409 425 3474 hebes
449 3403 501 3494 (ef.
524 3407 680 3487 Anistoph.
703 3408 783 3469 Nub.
809 3413 893 3472 1203
918 3414 950 3470 et
972 3409 1015 3469 ibi
1038 3410 1075 3468 ab

57 3506 279 3584 interpretibus
307 3515 450 3590 congesta
478 3498 630 3590 exempla)
655 3508 770 3586 pariter
792 3512 885 3588 atque
909 3501 1010 3583 ‘lapis'
1033 3507 1075 3565 le-
