2452 3832
543 122 763 186 ..32-

144 282 214 366 reup'
244 278 331 366 ἡμῶν
365 289 455 364 plane
489 286 697 365 singulariter
713 286 795 346 diota
823 290 854 345 et
881 290 947 346 tam
974 277 1102 345 obscura
1133 291 1172 347 ut

146 388 196 450 vel
219 386 408 462 corruptelae
427 385 630 461 suspicionem
648 385 801 446 nonnullis
824 376 1021 465 mouerintl),
1046 383 1072 443 si
1091 403 1170 444 sana
1223 395 1224 444 1

146 489 243 561 sunt,‘
263 485 315 544 vix
347 487 476 560 possunt
507 484 597 544 aliter
628 483 774 560 explicari
807 486 899 560 atque
932 501 1001 544 cum
1032 483 1170 561 Bergkio

146 575 261 664 (comm.
285 585 346 642 crit.
369 598 442 654 spec.
466 581 510 640 VI
532 601 561 656 p.
586 574 621 663 8)
650 575 759 640 ‘eidem
786 584 823 641 ut
849 581 1000 658 Diogenes
1032 580 1170 656 philoso-

130 680 277 756 phorum
295 679 429 738 familiae
449 672 608 737 addictus'.
632 678 954 755 ouiveroDiogencs
976 678 1041 754 ipse
1066 681 1169 738 sectae

147 777 286 838 addictus
319 777 427 852 fuerit,
459 777 591 836 multum
623 767 829 856 dubitatum²)
862 767 909 834 est
936 779 967 834 et
994 783 1066 834 sene
1098 776 1170 834 sub·

146 875 270 934 difficile
295 865 341 934 est
363 874 514 950 iudicatu,
544 873 724 950 praesertim
747 891 816 932 cum
840 891 928 951 saepe
952 876 988 931 ut
1015 879 1096 932 nunc
1120 891 1169 932 res

147 978 195 1034 est
227 972 379 1049 ambigas,
416 976 521 1030 utnim
557 971 616 1046 ipsi
647 971 766 1030 misello
799 970 989 1046 compilatori
1020 969 1171 1030 iudicium

149 1061 302 1147 qiroddam
330 1069 448 1128 tribuas
471 1087 511 1127 an
535 1068 599 1127 eius
622 1051 709 1128 fonti.
756 1071 804 1126 sat
826 1071 909 1127 certa
931 1071 1034 1128 tamen
1057 1067 1171 1126 indicia

151 1167 275 1243 adsunt,
307 1166 366 1225 nisi
397 1183 521 1242 prorsus
548 1183 596 1223 me
624 1165 706 1244 fallit
734 1165 849 1241 opinio,
882 1165 992 1242 quibus
1021 1164 1171 1240 probetur

149 1283 220 1322 cum
252 1243 446 1339 empiri'oae
480 1264 579 1320 sectae
606 1261 757 1320 medicum
783 1262 885 1322 fuisse.
927 1261 1059 1338 primum
1087 1263 1170 1322 enim

21 1437 23 1440 Ι
150 1362 286 1420 solorum
313 1359 514 1435 scepticorum
541 1358 649 1417 seriem
671 1377 767 1435 usque
791 1359 831 1416 ad
854 1361 987 1419 aetatem
1009 1377 1097 1417 suam
1121 1360 1171 1418 de·

100 1507 102 1512 .
153 1457 241 1516 duxit
265 1448 322 1537 (IX
343 1448 516 1537 naulo)
540 1460 632 1532 atque
655 1457 687 1514 in
709 1457 766 1514 hac
790 1456 978 1516 successione
1001 1458 1172 1518 enarranda

151 1555 347 1632 praecipuam
371 1572 475 1612 eorum
497 1554 606 1612 habuit
628 1554 789 1630 rationem,
818 1554 871 1630 qui
897 1553 1045 1612 medicam
1073 1558 1172 1614 artem

152 1639 242 1712 simul
264 1652 394 1728 professi
418 1645 534 1734 sunt³);
563 1651 632 1710 dein
655 1670 710 1711 suo
734 1652 829 1728 ipsius
852 1651 964 1710 iudicio
987 1669 1061 1710 usus
1087 1651 1173 1712 Sexti

152 1751 299 1827 Empirici
331 1749 444 1825 scripta
475 1743 612 1809 κάλλιστα
644 1741 815 1826 appellavit
843 1740 900 1829 (IX
927 1741 1004 1829 116)
1038 1752 1070 1807 et
1101 1767 1173 1808 cum

153 1850 258 1909 eodem
286 1839 410 1929 (Pyrrh.
434 1848 538 1924 hypot.
562 1847 577 1905 Ι
603 1850 651 1907 16.
678 1839 748 1928 17),
780 1847 871 1906 imm0
905 1845 1018 1906 eisdem
1046 1865 1172 1922 prorsus

152 1946 252 2007 verbis
271 1945 471 2021 scepticorum
494 1963 669 2022 germanam
689 1961 752 2004 esse
772 1948 886 2006 sectam
905 1944 987 2020 quod
1005 1943 1173 2021 dogmatici

153 2045 303 2120 negarant
320 2043 352 2100 in
371 2043 524 2124 prooemio
543 2033 624 2124 (20),
638 2041 800 2104 contendit.
833 2041 918 2102 misit
937 2041 1059 2118 quidem
1077 2042 1173 2104 libros

153 2159 224 2200 suos
257 2140 296 2198 ad
328 2140 486 2200 mulierem
513 2133 722 2218 pclonldrorvu
749 2131 812 2220 (1ss
826 2131 893 2220 ι17)
923 2139 1092 2199 etidcirco
1124 2146 1174 2202 sat

155 2256 266 2315 magna
292 2255 363 2314 pars
388 2239 487 2314 operis
510 2238 542 2296 in
565 2237 988 2314 academicaephilosophiae
1011 2255 1108 2313 usque
1134 2240 1173 2297 ad

153 2335 352 2412 Arcesilaum,
372 2334 531 2412 Lacydem‚
547 2333 1026 2411 CarneademOlitomachumque
1045 2335 1174 2396 historia

155 2433 350 2492 describenda
369 2437 522 2509 versatum
542 2432 595 2490 sed
612 2432 744 2508 primum
762 2432 816 2490 illo
835 2435 970 2508 tempore
986 2432 1174 2494 academicos

154 2521 230 2610 (non
256 2522 498 2611 neoplatonicos)
531 2529 613 2587 inter.
638 2532 669 2588 et
697 2529 843 2605 sceptioos
875 2548 970 2606 paene
998 2531 1084 2589 nulla
1111 2531 1174 2590 fuit

228 2716 254 2782 1)
273 2713 385 2770 Pridem
405 2710 459 2783 πρὸ
475 2710 556 2784 ἡμῶν
573 2715 695 2784 pessime
710 2715 889 2771 coniecerant
904 2715 979 2784 quod
992 2715 1172 2786 Nietzsohiue

157 2790 226 2846 olim
244 2792 326 2859 (mus.
346 2792 436 2846 Rhen.
455 2792 545 2848 XXIV
563 2811 590 2862 p.
611 2797 674 2864 206)
692 2793 836 2864 probavit,
863 2798 962 2864 postea
983 2796 1079 2850 tamen
1097 2795 1175 2851 idem

156 2871 187 2925 in
204 2888 298 2941 progr.
314 2871 400 2926 Basil.
420 2890 445 2928 a.
463 2879 531 2928 1870
551 2873 648 2942 (Bcitr.
664 2889 686 2928 0.
704 2874 840 2946 Qcclleolc.
859 2892 887 2932 0.
901 2875 1000 2930 Kritilc
1018 2877 1064 2930 dec
1078 2875 1174 2932 Locri.
1218 2941 1219 2944 Ἴ

155 2950 251 3022 Diop.)
270 2970 295 3021 p.
316 2958 332 3007 6
351 2952 498 3021 proposuit
516 2948 531 3007 ὁ
551 2951 805 3024 παροιμιογράφος.
865 3021 868 3028 ¹

228 3033 255 3100 2)
275 3031 316 3087 Of.
331 3031 502 3102 Klippelins‚
521 3033 555 3087 dc
568 3033 652 3101 Dico.
667 3033 762 3088 Locri.
776 3035 835 3090 cito
848 3053 876 3104 p.
892 3041 934 3103 17,
954 3033 1091 3103 Bergkius
1107 3034 1126 3090 l.
1145 3053 1176 3101 0,,
1194 3069 1195 3074 κ

54 3107 57 3114 ’
157 3111 294 3180 70110100,
313 3113 376 3168 hist.
391 3113 462 3181 phil.
482 3112 529 3167 Gr.
551 3113 590 3167 III
611 3113 639 3167 1²
657 3132 684 3183 p.
705 3119 756 3178 353
776 3115 853 3181 adn,
880 3113 1016 3182 Maecius,
1035 3115 1067 3170 dc
1086 3114 1175 3184 bicpr.

156 3190 205 3246 Gr.
225 3209 252 3260 p.
268 3197 312 3258 22,
330 3189 564 3248 Wilamowitzius
583 3192 613 3248 in
631 3195 750 3264 epistola
768 3194 806 3248 ad
821 3193 966 3248 Maeciam
985 3193 1052 3248 ibid.
1067 3211 1096 3262 p.
1114 3198 1176 3262 lca,

157 3271 341 3330 Nietzschius,
352 3272 381 3326 in
400 3290 493 3345 progr.
514 3274 599 3330 Basil.
620 3289 705 3342 snpra
724 3271 881 3342 significato
900 3292 927 3343 p.
947 3279 1019 3342 neq.
1039 3271 1096 3329 elii.

229 3354 256 3420 3)
275 3352 316 3407 Of.
335 3353 469 3421 Haasiue,
488 3356 521 3409 de
540 3359 620 3423 crept.
640 3370 711 3430 racc.
730 3369 757 3421 p.
773 3358 807 3406 94
821 3369 875 3422 sq.;
895 3369 967 3420 quae
986 3353 1084 3408 contra
1103 3353 1178 3410 dixit
1213 3347 1215 3352 ’

137 3428 296 3486 Himelius
322 3433 427 3488 Uetere.
448 3432 487 3502 Ill
505 3451 531 3502 p.
554 3438 604 3487 185
625 3432 688 3487 adn.
710 3440 722 3486 1
744 3435 890 3499 corruunt,
915 3431 1053 3502 siquidem
1072 3432 1182 3505 Dioge

139 3523 197 3560 nee
211 3509 277 3576 ipse
294 3511 355 3567 suit
373 3512 535 3584 empiricos.
