2454 3840
430 180 472 189 —
521 144 584 210 146
631 182 673 189 -

498 325 627 386 XXXVI

312 437 421 527 πάντη
445 439 509 528 γάρ
533 443 640 529 ἐπεῖχε
663 443 801 536 γαλήνη.

124 626 210 670 nnsn.
254 609 384 671 Sextus
411 609 543 686 Empir.
568 609 633 670 adv.
649 610 756 689 dogm.
780 611 809 669 V
834 614 895 673 141
922 606 1074 695 εὐδαίμων

5 713 7 720 ’
57 702 111 784 μέν
137 704 215 767 ἔστιν
237 699 255 768 δ
276 697 427 786 άταράγσσς
451 700 595 786 διεξάγων
617 703 667 767 καὶ
691 700 730 781 άς
753 706 850 790 ἔλεγεν
873 702 889 771 δ
917 712 1019 790 Τίμων
1045 707 1076 774 ἔν

56 797 163 888 ήσνχίηι
185 801 236 864 καὶ
257 797 431 884 γαληνότητι
453 797 617 876 καθεστώς·
634 799 758 902 Ι((πάντη
778 838 825 896 -Ι
840 802 990 888 γαλήνη»,

98 985 219 1038 ¹eoum.
255 963 413 1024 Pettinent
439 965 513 1023 haee
539 963 632 1025 verba
660 964 699 1023 ad
721 965 921 1050 Pyrrhonem,
950 971 1074 1030 unioum
1166 973 1167 976 ’

56 1064 221 1142 saeptioum
243 1063 395 1124 illustrem
418 1080 508 1140 quem
530 1060 563 1119 in
586 1061 662 1121 sillis
686 1067 933 1127 commemoravit
958 1068 1073 1129 Tim0n.

56 1165 164 1223 notum
177 1163 280 1221 autem
294 1163 340 1220 est
354 1159 494 1237 saeptioIs
508 1177 660 1219 summum
673 1159 786 1220 bonum
800 1162 894 1234 fm'sse
906 1157 1076 1244 ἀταραξίαν,

57 1259 96 1320 ad
117 1276 208 1336 quam
226 1256 452 1317 describendam
471 1257 514 1317 eis
533 1249 662 1337 γαλήνης
680 1257 781 1338 imago
800 1259 832 1319 in
850 1265 998 1339 promptu
1015 1263 1076 1323 fuit

57 1348 109 1438 (of.
139 1354 218 1414 Sext.
246 1353 352 1431 Pyrrh.
380 1352 483 1431 hypot.
511 1355 527 1414 Ι
557 1355 598 1414 10
634 1347 775 1434 άταραξία
811 1353 845 1417 δέ
880 1355 941 1418 ἔστι
974 1363 1076 1439 ψυχῆς

57 1445 200 1530 ἆοχλησία
217 1447 268 1510 καὶ
285 1443 463 1532 γαληνότης)
486 1451 601 1528 pariter
621 1455 712 1529 atque
735 1453 837 1514 fuerat
858 1454 951 1518 huius
969 1457 1076 1534 placiti

56 1549 253 1628 antesignano
281 1548 454 1608 Demoon‘to
483 1541 535 1630 (of.
553 1549 653 1611 Laert.
676 1550 765 1630 Diog.
787 1551 831 1611 IX
854 1554 895 1614 45
930 1549 1013 1628 τέλος
1045 1550 1077 1616 δὲ

58 1640 134 1708 εἶναι
163 1645 342 1723 [seeundum
368 1645 589 1722 Demoon‘tum]
617 1640 671 1725 τήν
697 1640 846 1726 εὐθυμίαν
866 1644 1009 1711 ...καθ’
1039 1644 1078 1730 ήν

59 1747 194 1827 γαληνῶς
220 1741 271 1804 καὶ
293 1738 445 1816 εὐσταθῶς
466 1736 486 1822 ή
509 1737 593 1823 ψυχή
617 1737 735 1828 διάγει).
776 1747 957 1808 statuendus
980 1749 1078 1828 igitur

59 1847 105 1904 est
130 1843 238 1903 Timon
265 1860 412 1919 narrasse,
439 1841 471 1901 in
498 1841 597 1901 medio
624 1841 813 1921 litigantium
834 1845 974 1906 tumultu
998 1848 1079 1908 oiroa

56 1941 244 2019 Pyrrhonem
266 1939 522 2018 tranquillitatem
546 1939 722 2000 obtinuisse.

495 2205 639 2265 XXXVII

104 2319 165 2389 τὸν
188 2317 222 2388 δ’
248 2317 293 2400 ὡς
316 2313 379 2391 οὖν
402 2320 513 2408 ἐνόηδ
540 2324 577 2390 ἐν
599 2328 776 2411 νηνεμίησι
798 2285 951 2412 γαλήνης

343 2507 463 2550 nouam
485 2506 650 2551 aanoauvs
673 2508 790 2552 vassus

130 2609 155 2656 Λ
174 2606 226 2656 sto
245 2601 281 2657 al.
300 2599 350 2658 τὸν
369 2599 397 2658 δ’
419 2599 457 2666 ὡς
475 2595 526 2658 οὖν
547 2600 644 2674 ἑνόησ’
665 2605 775 2676 (eadem
795 2622 891 2662 versus
911 2609 988 2679 sede)

125 2786 211 2829 nasu.
243 2767 374 2831 Sextus
392 2770 524 2848 Empir.
548 2772 614 2834 adv.
634 2773 766 2851 dogmat.
785 2774 815 2832 V
834 2777 895 2834 141
924 2770 1077 2856 εὐδαίμων

58 2863 112 2947 μέν
134 2864 212 2929 ἐστιν
234 2860 251 2929 ὁ
274 2860 426 2950 άταράχως
449 2862 593 2951 διεξάγων
615 2867 665 2930 παλ
688 2863 728 2943 ὥς
751 2868 848 2953 ἔλεγεν
874 2864 890 2933 ὅ
916 2873 1018 2952 Τίμων
1041 2873 1074 2935 ἐν

57 2959 165 3050 ήσνγίγ
187 2961 237 3026 καὶ
259 2960 434 3047 γαληνότητι
459 2960 622 3040 καθιστάς·
652 2961 769 3047 «πάντη
794 2999 836 3011 -
859 2963 998 3051 γαλήνη»
1023 2964 1073 3052 (fr.

55 3056 199 3146 XXXVI)
221 3061 272 3125 stul
296 3057 369 3125 «τὸν
391 3057 419 3124 δ’
444 3096 482 3106 -
503 3058 665 3145 γαλήνης».

125 3240 220 3282 oouu.
243 3223 329 3284 Dixit
351 3224 425 3284 haee
447 3224 540 3286 verba
562 3227 669 3301 procul
691 3225 783 3290 dubio
803 3229 925 3306 Timon,
949 3247 1020 3290 oum
1042 3232 1074 3291 in

57 3319 134 3381 Oroo
166 3321 352 3398 Pyrrhonem
389 3312 544 3401 conspexit
578 3315 624 3404 (v.
651 3342 756 3383 comm.
779 3325 824 3385 'ad
844 3327 889 3408 ,fu
910 3319 1075 3410 XXXVI);

56 3419 160 3498 itaque
175 3411 274 3498 ἐνόηδ
293 3439 331 3479 ne
345 3421 488 3498 suppleas
507 3438 576 3480 oum
591 3419 828 3482 Zimmenmanno
846 3441 934 3500 prog.
949 3422 1075 3502 Erlang.

55 3537 84 3594 p.
106 3518 124 3576 6
149 3509 266 3596 ἐνόησε,
290 3518 342 3579 sed
365 3512 474 3596 ἐνόησα
498 3509 549 3599 (ef.
569 3535 662 3595 supra
679 3540 708 3597 p.
728 3511 795 3602 46).
