2454 3840
81 94 284 187 raxxxxvm
474 155 511 164 -
562 117 626 183 165
674 155 711 164 -

80 286 196 348 mentio
219 285 255 345 fit
272 287 367 362 nulla,
388 285 494 362 itaque
513 285 611 344 multo
629 282 817 362 probabilius
839 285 988 345 statuitur
1006 290 1097 347 antea

82 385 118 445 de
141 384 236 444 isdem
255 380 491 444 Atheniensibus
517 382 636 459 patriae
661 383 817 462 religionis
840 383 1011 444 vindicibus
1034 403 1094 444 ser-

81 502 202 542 monem
224 483 318 542 fuisse
342 499 434 559 quam
458 480 493 539 de
512 479 660 556 Ephesiis.
697 480 875 540 crediderim
893 481 990 560 igitur
1007 487 1098 544 antea

81 584 240 642 narratum
263 597 327 638 esse
345 567 559 657 Anaxagoram
577 567 706 637 Athenis
721 577 923 656 Lampsacum
941 580 1096 659 aufugisse

82 699 101 739 a
119 677 244 738 Periclis
267 675 447 738 adversariis
471 680 656 755 accusatum,
680 677 761 756 quod
782 677 827 736 rei
845 677 984 754 publicae
1002 678 1097 739 Athe·

81 776 180 836 niensi
203 775 354 834 contraria
378 773 414 833 de
435 773 482 833 dis
501 775 634 834 sentiret.
649 807 691 815 -
706 775 802 852 ipsius
821 792 893 836 vero
911 775 1097 856 Protagorae

83 875 300 951 circumspecta
317 872 480 949 prudentia
499 891 568 932 cum
585 873 746 948 permultis
764 871 865 934 verbis
882 872 931 932 hic
946 873 1098 954 efferatur,

82 973 185 1049 inepte
210 969 361 1046 scriptum
388 972 434 1028 est
458 961 520 1029 οὔτ’
545 961 765 1052 ἆλιγυγλῶσσῳς
791 971 920 1049 pessime
944 971 1024 1030 enim
1047 972 1096 1030 de-

81 1069 221 1147 pingitur
232 1069 322 1127 homo
337 1059 532 1126 cautissimus
547 1068 648 1126 omnia
661 1069 743 1127 clara
757 1087 829 1129 voce
844 1070 985 1146 clamans,
1004 1069 1094 1128 immo

83 1166 243 1246 fingendus
274 1167 339 1224 erat
366 1164 427 1222 leni
453 1183 527 1225 voce
553 1169 585 1225 et
607 1164 792 1225 subobscura
815 1166 955 1243 loquens:
979 1184 1040 1243 qua
1062 1166 1098 1225 de

86 1261 179 1324 causa
195 1263 302 1323 Kamii
324 1257 390 1323 οὔτε
413 1257 599 1345 λιγυγλώσσῳ
618 1263 726 1341 recepi.

150 1361 253 1421 Etiam
272 1359 325 1420 alii
339 1351 454 1441 (Laert.
469 1361 557 1439 Diog.
571 1359 615 1420 IX
630 1363 681 1438 51,
701 1359 760 1421 cie.
780 1361 816 1420 de
835 1366 896 1422 nat.
916 1361 995 1421 deor.
1015 1362 1097 1439 123,

86 1463 140 1537 633
163 1459 338 1519 Philostrat.
361 1459 414 1520 vit.
439 1460 563 1537 sophist.
587 1460 602 1518 I
624 1460 677 1536 103
699 1460 809 1519 Euseb.
827 1467 934 1537 praep.
958 1479 1003 1520 ev.
1027 1458 1099 1517 XIV

88 1561 126 1621 19
151 1549 205 1639 al.)
251 1561 394 1634 proptera
427 1558 507 1634 quod
538 1557 626 1615 initio
654 1556 725 1615 libri
752 1558 801 1616 sui
828 1557 864 1615 de
888 1557 934 1615 dis
957 1556 1098 1626 sibinen

84 1657 200 1734 liquere
214 1655 340 1713 dixisset
354 1653 391 1711 ab
406 1652 643 1712 Atheniensibus
653 1653 853 1731 Protagoram
867 1655 1100 1714 exterminatum

85 1755 210 1830 eiusque
237 1751 330 1810 libros
354 1749 526 1810 combustos
550 1767 614 1808 esse
639 1755 772 1810 narrant.
819 1752 901 1810 solus
923 1755 1026 1810 tamen
1050 1752 1099 1809 Ti-

84 1868 155 1908 mon
178 1849 317 1906 aocurate
340 1846 434 1906 refert
451 1845 649 1926 Protagoram
668 1849 738 1906 ante
761 1848 848 1907 litem
867 1849 906 1906 ad
923 1847 1013 1906 finem
1030 1867 1097 1925 per-

86 1947 209 2004 ductam
231 1947 268 2003 ut
290 1943 396 2002 mortis
419 1944 548 2003 multam
567 1945 696 2004 evitaret
714 1965 750 2005 ex
768 1945 893 2006 arbitrio
912 1946 1027 2024 fugisse
1047 1936 1099 2026 (cf.

84 2038 202 2104 Krisch.
221 2041 241 2100 l.
260 2041 279 2100 i.
299 2059 321 2100 s.
340 2062 368 2119 p.
390 2033 477 2122 140).
518 2042 641 2101 initium
663 2043 763 2120 ipsum
786 2044 986 2103 clarissimum
1010 2045 1100 2120 quale

86 2141 180 2200 fuerit
207 2139 407 2198 multifariam
429 2138 589 2198 traditum:
618 2141 716 2218 quode
740 2140 911 2200 accuratius
933 2140 1098 2217 Krischius,¹

86 2237 218 2312 theolog.
241 2255 270 2311 p.
298 2237 358 2295 132
384 2253 427 2313 sq.
450 2238 597 2313 exposuit.
644 2239 696 2297 sed
726 2237 926 2316 probabiliter
952 2239 1101 2298 statuitur

86 2335 167 2393 inter
198 2333 326 2392 formam
358 2352 376 2393 a
409 2333 500 2394 Sexto
533 2336 658 2394 allatam
690 2339 722 2395 et
751 2335 885 2394 Timonis
917 2334 1100 2400 mentionem

87 2431 247 2490 discrimen
274 2431 395 2490 nullum
421 2432 618 2510 intercedere3
650 2443 748 2511 neque
775 2451 910 2510 unquam
937 2433 1036 2492 solum
1062 2433 1099 2491 de

86 2532 198 2588 natura
227 2528 352 2589 deorum
379 2529 534 2589 dubitasse
562 2531 673 2591 dieitur
699 2530 896 2608 Protagoras,
928 2530 981 2589 sed
1008 2529 1101 2590 etiam

87 2628 213 2688 diuersis
242 2627 338 2688 modis
365 2629 491 2706 negasse
519 2630 593 2707 sint,
619 2648 679 2688 non
703 2631 764 2689 sint
786 2630 915 2707 liquere:
947 2629 1052 2706 itaque
1075 2626 1106 2686 εἴ

85 2731 160 2796 τινες
188 2742 215 2784 v.
240 2727 258 2784 5
288 2744 357 2784 curn
384 2725 521 2785 Bekhero
549 2728 671 2786 correxi.
702 2760 739 2769 -
770 2747 798 2788 u.
823 2729 841 2786 8
870 2720 986 2804 ψυχρὸς
1012 2720 1102 2798 πότος

87 2823 133 2882 e‘st
154 2823 262 2899 cicuta,
286 2839 363 2900 quae
381 2822 492 2883 hausta
509 2825 644 2883 membra
662 2826 774 2903 frigida
791 2825 899 2901 reddit,
921 2827 958 2884 ut
978 2843 1014 2883 ex
1032 2823 1101 2882 Pla·

85 2922 166 2981 tonis
191 2922 347 2998 praeclara
368 2921 541 2981 narratione
565 2922 704 2982 omnibus
726 2925 842 2981 notum.

154 3017 296 3077 Ceterum
318 3019 427 3077 notatu
445 3017 580 3096 dignum,
604 3017 759 3078 Socratem
776 3019 874 3076 multo
893 3017 1015 3076 demum
1031 3020 1103 3093 post

86 3115 271 3193 Protagorae
308 3115 413 3192 fugam
445 3116 552 3192 capitis
590 3116 766 3175 damnatum
798 3133 876 3174 esse:
913 3117 946 3174 at
977 3113 1100 3172 minime

86 3212 293 3271 contenderim
312 3212 469 3270 Timonem
490 3211 591 3289 ipsum
614 3218 752 3291 tempora
774 3212 954 3289 confudisse,
978 3211 1030 3271 sed
1048 3231 1100 3288 ap·

86 3309 190 3385 posuit
216 3309 274 3368 iste
303 3310 402 3368 solum
429 3309 620 3370 notissimum
648 3314 680 3370 et
703 3313 793 3388 plane
822 3310 976 3388 geminum
998 3308 1102 3386 poculi

86 3405 171 3463 illius
184 3407 334 3465 mortiferi
349 3408 519 3484 exemplum
529 3400 575 3488 (id
590 3410 671 3486 quod
684 3412 765 3469 reete
776 3409 839 3468 iam
846 3408 974 3485 Preiius,
984 3409 1101 3484 quaest.

85 3501 209 3580 Protag.
231 3524 261 3579 p.
286 3507 326 3563 62
360 3505 514 3581 perspexit
543 3510 575 3565 et
606 3509 713 3566 eontra
738 3505 925 3565 llerbstiom
947 3495 1116 3572 detendxm.
1167 3499 1169 3502 ’
