2452 3832
473 122 693 188 ..69-

139 288 182 348 At
219 286 329 365 quibus
366 287 490 348 tandem
519 287 551 345 in
583 286 672 348 rebus
704 287 806 364 posita
837 289 898 348 fuit
927 290 1004 348 mire
1035 291 1090 350 illa

72 403 150 462 quae
169 384 201 443 in
221 403 325 444 eorum
343 384 432 445 dictis
452 384 631 462 scriptisque
649 386 798 463 regnabat
815 380 913 446 πειθώ
927 390 959 446 et
971 379 1090 470 ruyth?

71 483 174 544 omnia
202 483 360 542 exhaurire
387 500 448 541 non
475 485 523 542 est
549 482 639 542 huius
666 483 737 559 loci3
769 483 860 544 mitto
886 485 983 562 igitur
1010 504 1089 556 com·

69 580 264 656 parationum
293 578 586 658 similitudinumque
613 579 829 658 frequentiam,
861 581 924 640 elia
951 583 1090 644 acumina

71 683 105 738 et
137 677 197 738 duo
229 678 329 738 solum
358 677 538 736 facetiarum
565 695 676 755 genera
703 677 883 756 describam,
916 698 994 756 quae
1021 699 1090 740 cum

11 791 14 798 ·
69 795 126 852 per
157 795 188 836 se
215 779 336 853 praeter
364 779 464 834 cetera
491 779 563 834 sunt
590 775 722 853 insignia
748 779 815 834 tum
843 794 935 853 quam
960 779 1090 840 maxime

73 873 193 933 faciunt
211 874 249 933 sd
267 872 299 934 id
319 873 400 950 qnod
418 891 497 954 nunc
514 890 679 949 persequor
694 873 854 933 'consilium
867 874 1090 935 illustrandum.

140 969 245 1047 Cynici
272 970 369 1047 igitur
394 969 476 1046 apud
504 988 579 1046 quos
608 970 772 1030 laetissime
799 970 960 1031 Homerica
988 972 1090 1032 studia

70 1059 302 1148 effloruerunt²)
335 1067 479 1126 familiari
512 1085 581 1127 cum
607 1067 738 1129 Homero
771 1069 906 1129 amicitia
932 1073 1089 1130 conuecta

70 1184 132 1225 non
164 1167 262 1225 solum
295 1183 383 1242 saepe
410 1164 556 1225 Homeri
583 1185 688 1227 versus
716 1167 918 1228 laudaverunt
944 1170 976 1227 et
1002 1185 1089 1230 usur·

70 1255 268 1343 pavemus),
301 1282 406 1322 verum
435 1263 528 1324 stiam
550 1263 743 1341 perlubenter
765 1263 901 1322 ridiculis
924 1263 1089 1339 parodiis

71 1361 263 1421 detorserunt
293 1360 324 1420 in
353 1360 508 1420 scribendo
537 1381 631 1438 aeque
660 1365 752 1439 atque
782 1361 814 1420 in
837 1359 973 1422 dicendo.
1016 1361 1089 1422 Dio-

72 1477 163 1536 genes
196 1457 276 1517 enim
308 1457 475 1518 formosum
507 1459 726 1518 adolescentem
753 1478 843 1536 quem
869 1459 1089 1519 incustoditum

72 1555 309 1616 obdormientem
332 1557 488 1634 conspexit
509 1557 556 1616 his
576 1557 674 1618 verbis
698 1556 900 1634 expergefecit
923 1548 970 1637 (L.
989 1557 1026 1615 D.
1045 1557 1089 1615 VI

74 1646 145 1734 53):
179 1647 281 1732 ‘surge
304 1647 345 1731 μή
371 1654 413 1726 τίς
437 1670 484 1714 σοι
507 1647 624 1715 ettam
647 1650 816 1736 μεταφρένῳ
840 1650 873 1714 ἐν
896 1647 969 1732 ύύρο
994 1646 1090 1734 (quod

71 1751 218 1834 obscoene
244 1742 335 1831 dixit)
357 1744 449 1831 mssq'
474 1743 525 1831 (cf.
549 1751 584 1810 Π.
615 1750 641 1810 Θ
672 1752 712 1811 95
742 1744 783 1828 μή
809 1749 852 1822 τίς
878 1771 922 1810 τοι
950 1744 1089 1832 φεύγοντι

74 1845 245 1930 μεταφρένῳ
279 1845 312 1908 ἐν
345 1841 419 1924 δόρυ
450 1841 509 1925 mii
531 1839 559 1927 )3
592 1851 623 1908 et
654 1849 682 1907 ei
715 1848 768 1925 qui
799 1847 933 1924 pretiosa
964 1849 1090 1925 opsonia

73 1950 186 2006 emeret
209 1946 286 2005 dixit
309 1937 356 2025 (L.
375 1944 412 2003 D.
431 1945 451 2004 l.
471 1936 523 2026 s.):
547 1937 712 2023 ‘riadpoch
735 1937 775 2022 δή
798 1967 857 2023 μοι,
879 1941 971 2022 τέκος,
993 1942 1089 2006 ἔσσεαι

71 2035 112 2104 οἷ’
134 2036 297 2123 ύμορύζεις’
322 2035 374 2122 (cf.
394 2042 429 2100 Il.
448 2045 479 2100 Σ
495 2044 536 2102 95
562 2035 715 2121 ὠκύμορος
739 2036 778 2121 δύ
796 2065 856 2120 μοι,
878 2038 970 2118 ιείιος,
993 2040 1089 2106 ἔσσεαι

69 2133 112 2201 οἷ’
136 2131 312 2221 ἀγορεύεις).
360 2138 463 2199 Crates
495 2159 566 2200 vero
595 2132 642 2220 (L.
670 2141 706 2199 D.
729 2141 774 2200 VI
802 2133 860 2222 90)
888 2141 998 2202 Thebis
1026 2141 1088 2202 sive

69 2236 211 2296 Corinthi
243 2254 261 2294 a
294 2235 428 2312 principe
462 2237 613 2314 gymnasii
644 2237 747 2314 flagris
780 2255 885 2298 caesus
917 2258 986 2298 cum
1014 2237 1090 2314 pede

72 2335 246 2394 traheretur
264 2333 353 2393 dixit:
380 2327 453 2394 ‘ilus
471 2327 564 2406 ποδὸς
582 2327 709 2414 τεταγὼν
727 2328 777 2395 διὰ
796 2335 889 2414 βηλοῦ
908 2327 1089 2395 θεσπεσίοιο’

74 2425 127 2512 (cf.
147 2433 182 2490 Il.
202 2435 231 2490 A
251 2434 313 2492 591
340 2430 410 2511 ῥῖψε
432 2425 525 2504 ποδὸς
548 2425 674 2512 τεταγὼν
699 2424 758 2492 dat
781 2433 876 2511 βηλοῦ
895 2423 1088 2513 θεσπεσίοιο).

71 2529 151 2589 item
175 2527 278 2588 Crates
307 2532 339 2587 et
360 2529 439 2588 Bion
461 2529 602 2606 parodias
625 2529 800 2590 Homericos
828 2529 1032 2590 adhibuerunt
1058 2529 1089 2587 in

70 2626 226 2686 nonnullis
249 2626 285 2686 de
310 2625 420 2702 quibus
444 2627 525 2686 infra
547 2628 718 2705 disputabo.

139 2722 338 2783 Parodiarum
362 2724 515 2802 singulare
540 2727 692 2804 quoddam
715 2745 810 2804 genus
830 2726 879 2786 vel
898 2729 977 2784 certe
996 2726 1089 2786 dictio

70 2821 214 2898 parodiae
242 2821 397 2880 simillima
425 2821 563 2884 habenda
591 2827 638 2884 est
665 2824 775 2885 festiva
797 2822 921 2883 Homeri
946 2842 1089 2884 versuum

71 2918 293 2995 accomodatio,
326 2937 386 2996 qua
413 2919 506 2979 verba
533 2921 617 2981 aliud
644 2938 768 2997 prorsus
797 2920 870 2996 qnid
889 2919 985 2995 'quam
1008 2921 1089 2996 quod

146 3103 580 3172 nffihsswwwn

145 3186 172 3252 2)
188 3181 228 3236 cf.
245 3183 478 3253 Sergebuschius,
495 3185 560 3240 disc.
577 3185 687 3244 Homer.
701 3183 715 3239 Ι
728 3202 755 3254 p.
769 3188 921 3252 rus-1183
942 3183 1090 3254 Vesaeuus,

72 3268 174 3331 quaest.
185 3263 317 3317 Ansoeim.
328 3281 355 3332 p.
369 3268 488 3331 14-18;
507 3262 716 3332 Duemmlsrus,
734 3264 927 3319 Antiathcaica
941 3281 968 3334 p.
980 3270 1014 3320 lt
1029 3282 1089 3334 sqq.

144 3345 171 3410 a)
192 3340 232 3396 cf.
251 3341 281 3395 L.
301 3341 333 3399 D.
354 3341 393 3396 Vl
413 3350 446 3398 ss
467 3341 558 3413 (Hom.
578 3347 606 3398 K
622 3347 700 3414 essa
727 3343 767 3398 VI
791 3350 824 3400 er
845 3345 972 3415 (a1sr);
998 3344 1037 3399 vl
1055 3349 1089 3400 ce

70 3422 110 3488 (Γ
121 3422 180 3488 cs);
198 3419 238 3474 vl
257 3426 291 3477 ss
306 3425 347 3486 (Σ
359 3424 434 3493 sss);
448 3423 489 3478 VI
504 3428 555 3480 ros
570 3424 600 3494 (c
614 3425 691 3493 essa
706 3424 744 3479 lv
758 3429 792 3478 ιι
809 3426 842 3494 (z
857 3425 933 3494 211);
949 3422 1088 3492 enaim,

69 3501 136 3558 μοι.
155 3499 251 3576 Epic.
271 3499 310 3556 111
331 3507 366 3558 ss
385 3505 418 3572 (a
437 3505 492 3575 ss).
