2452 3832
464 139 683 206 ,35-

67 302 168 381 ganda
191 321 227 362 ox
250 303 293 363 eis
309 303 569 363 ¹etiamsillornm
593 304 740 381 quosdam
762 306 844 365 locos
867 297 917 386 (fr.
934 297 1083 389 32-35)

66 401 218 479 protraxit
224 393 258 483 l).
288 403 359 478 post
372 400 539 479 Diogenem
552 419 623 462 vero
637 406 758 478 praeter
773 402 901 462 Zenonis
916 393 1082 482 ἀμφοτερο-

66 490 201 579 γλώσσου
224 497 409 559 etPlatonis
431 501 714 578 τιμαιογραφοῦντος
732 499 874 560 notitiam
897 497 994 562 omnis
1018 502 1081 562 fere
1137 539 1140 546 ,

67 596 206 656 sillorum
228 595 373 655 momoria
395 594 573 655 oblitterata
595 599 649 656 est.
845 589 847 592 ’

135 692 324 754 Collectae
357 697 429 752 sunt
457 693 596 752 sillorum
622 694 770 771 reliquiae
797 686 894 772 primo
923 695 961 756 ab
989 696 1080 756 Henr.

68 791 235 868 Stephano,
259 791 313 868 qui
335 783 548 868 0111Ὁμήρου
565 787 616 850 nol
628 784 774 852 Ἡσιόδου
792 785 875 873 o’tyor'v
891 797 950 853 κτλ.
969 786 1079 874 (Ρ1110.

53 879 171 969 1573)
192 908 222 964 p.
245 887 418 948 126-128
450 906 559 948 novem
585 890 707 946 tantum
733 889 878 966 reliquias
907 891 1081 966 complexus

68 983 156 1062 esset,
174 1005 244 1044 mox
262 986 294 1044 in
308 979 412 1044 “Poosi
429 977 650 1063 philosophica'
666 975 774 1065 (Paris.
791 977 890 1067 1573)
904 1006 933 1062 p.
950 989 1078 1047 60-71

65 1083 306 1161 fragmentorum
337 1101 496 1142 numerum
522 1082 612 1142 valde
643 1081 730 1140 auxit
761 1082 937 1160 addiditque
960 1084 1081 1161 Iosephi

67 1180 214 1258 Scaligeri
229 1180 423 1262 coniecturas.
447 1180 516 1240 inde
534 1180 673 1239 sillorum
687 1181 859 1258 fragmenta
871 1199 981 1257 parum
995 1191 1082 1241 accu-

65 1281 132 1338 rate
155 1277 329 1337 excudenda
351 1279 470 1339 curauit
491 1277 568 1336 nihil
591 1278 628 1336 de
651 1296 706 1337 suo
730 1278 842 1338 addans
860 1278 971 1338 Daniel
989 1279 1081 1338 Hein-

66 1376 139 1452 sius,
154 1375 207 1451 qui
220 1371 342 1436 Horatii
357 1375 539 1435 editionibus
553 1371 759 1453 compluribus
775 1377 918 1437 adnexuit
935 1368 1081 1458 (primum

66 1473 94 1532 ei
113 1489 190 1548 quae
209 1491 235 1531 1.
253 1471 337 1532 1612
355 1464 492 1554 prodiit).
530 1473 637 1533 deinde
657 1473 775 1552 egit-de
795 1474 919 1532 Timone
942 1474 1080 1552 sillogra-

65 1569 126 1645 pho
154 1569 192 1628 Is.
215 1569 264 1629 rr.
288 1569 557 1647 Langheimichine
586 1563 849 1632 dissertationibus
876 1570 976 1631 tribus
998 1572 1080 1648 Lips.

68 1668 270 1727 17201721.
284 1669 378 1744 1723,
402 1668 455 1744 qui
478 1668 613 1728 collectis
632 1668 770 1744 reliquiis
789 1669 950 1727 nonnullas
973 1669 1080 1744 priori·

66 1763 123 1822 bus
141 1764 311 1842 incognitas
330 1754 441 1823 adie‘oit
459 1764 655 1841 singulasque
673 1764 769 1823 latine
791 1764 1009 1839 interpretatus
1033 1785 1081 1824 ex-

64 1861 192 1937 plicavit
210 1862 286 1921 fusis
305 1861 541 1938 commentariis3
564 1864 744 1921 nontamen
767 1860 807 1919 ad
828 1859 918 1919 finem
940 1861 1082 1936 perduxit

66 1962 215 2035 coeptum.
247 1962 314 2018 tum
333 1958 471 2017 sillorum
488 1959 659 2036 fragmenta
677 1957 815 2017 auctiora
832 1961 863 2016 et
876 1959 1081 2042 emendatiora

65 2057 225 2132 proposuit
234 2055 406 2114 Brunckius
417 2050 516 2114 ‘Anal
526 2060 618 2116 veter.
627 2059 707 2133 poet.
719 2047 781 2114 Gn'
793 2045 967 2134 (Angenior.
980 2049 1080 2139 1785)

64 2155 138 2211 tom.
152 2152 184 2209 H
197 2170 225 2227 p.
240 2153 347 2210 67-7
351 2154 369 2210 8
387 2151 555 2212 subiunctis
569 2153 674 2229 paucis
689 2151 936 2213 adnotationibus
950 2154 982 2212 in
995 2158 1079 2215 tomo

65 2248 177 2307 ultimo
190 2268 218 2324 p.
232 2251 303 2308 139.
332 2248 461 2326 denique
474 2251 507 2309 F.
521 2245 648 2309 Paulius
668 2247 764 2307 edidit
780 2247 919 2308 libellum
939 2245 986 2310 ‘de
1003 2252 1080 2311 sillis

66 2337 546 2429 (11100011111’(Βο10111111821),
562 2366 622 2425 quo
636 2349 706 2423 post
717 2345 937 2422 praefationem
952 2347 988 2404 de
1003 2347 1080 2406 siliis

64 2442 287 2520 praecipuoque
310 2444 347 2503 de
369 2443 570 2516 0111ος10010
597 2444 697 2503 radice
722 2442 896 2503 institutam
919 2445 1080 2520 paululum

65 2539 130 2617 egit
162 2541 199 2598 de
228 2541 361 2600 Timonis
393 2542 484 2604 011110,
502 2533 671 2619 adiecitque
703 2541 862 2619 reliquiae,
898 2542 950 2601 sed
982 2561 1081 2617 neque
1160 2540 1165 2553 ‘

66 2655 168 2696 omnes
187 2638 311 2716 collegit
328 2657 427 2716 neque
445 2643 554 2698 cuncta
575 2640 764 2717 singularum
782 2639 1080 2699 testimoniaattulit

65 2751 163 2809 neque
179 2735 213 2792 in
230 2736 451 2811 pertractandis
472 2735 513 2795 eis
533 2755 654 2813 operam
672 2756 783 2813 ponere
801 2737 908 2798 voluit.

132 2830 188 2889 His
211 2832 336 2891 accessit
359 2851 385 2890 a.
403 2834 486 2892 1859
511 2833 774 2910 disputatiuncula
797 2853 863 2894 mea
887 2828 935 2894 ‘de
955 2835 1079 2895 Timone

64 2927 199 2989 Phliasio
222 2929 390 3005 ceterisque
413 2929 606 3006 sillographis
631 2924 774 3007 Graecis',
803 2948 871 2989 cum
897 2930 972 2988 mihi
999 2931 1078 2990 Bon-

28 3054 34 3066 ‚
64 3025 165 3086 nensis
190 3025 415 3102 philologorum
443 3026 594 3084 seminarii
617 3027 727 3086 seniori
749 3045 858 3086 munus
881 3025 1078 3090 honorificen-

63 3122 216 3182 tissimum
239 3122 454 3182 demandatum
477 3126 555 3181 esset
578 3142 596 3181 a
619 3122 786 3200 sodalibus,
810 3127 846 3183 ut
867 3123 934 3185 viro
957 3124 1078 3184 immor-

63 3219 136 3279 talis
158 3219 320 3279 memoriae
342 3219 494 3279 Triderico
518 3219 683 3296 Theophilo
707 3219 879 3299 Wnncnsn,
905 3222 1079 3281 litterarum

64 3316 260 3392 antiquarum
276 3318 378 3384 decori
396 3321 427 3377 et
446 3315 597 3393 columini,
615 3315 805 3406 praeceptori
824 3319 926 3377 nostro
946 3317 1077 3376 dilectis-

138 3523 163 3591 1)
183 3521 278 3576 omnia
296 3519 372 3590 apud
388 3518 541 3576 Eusebium
557 3537 658 3594 prosp.
676 3536 716 3579 eu.
735 3519 896 3590 descripta..
935 3601 956 3634 ἡ

915 3609 937 3656 ‘d
