2454 3840
533 159 574 172 ·--
624 123 687 190 184
732 161 774 169 -
1036 123 1165 191 nunonis

618 304 687 363 LXI

191 424 248 484 καί
271 444 320 496 τις
341 416 539 501 Ἀρίστωνος
561 417 681 507 γενεὴν
705 418 769 488 ἄπο
794 417 939 506 αἱμύλον
962 423 1071 490 ἕλκων
1133 413 1137 420 ’

147 538 359 546 --—-.—.—-——-..

214 602 299 644 naen.
330 584 504 644 Laertius
527 585 629 663 Diog.
653 585 713 645 VII
738 589 799 647 161
829 581 906 646 οὕτω
930 583 963 648 δὲ
986 592 1163 666 φιλοσοφῶν

148 673 301 762 (Ἀρίστων
324 674 340 741 ὁ
359 683 450 757 Χῖος,
470 682 597 741 Zenonis
616 683 704 742 stoici
723 676 906 766 discipulus)
930 682 980 744 καλ
997 683 1031 745 ἐν
1050 688 1166 747 Κυνοσ-

146 769 232 858 ’ώργει
255 772 461 858 διαλεγόμενος
489 777 607 857 ἴσχυσεν
629 772 789 857 αἱρετιστὴς
812 773 944 841 ἀκοῦσαι.
991 777 1163 860 Μιλτιάδης

147 864 202 936 οὖν
234 872 283 935 καὶ
311 876 438 953 Δίφιλος
461 869 667 953 Ἀριστώνειοι
687 871 949 956 προσηγορεύοντο.
990 862 1032 956 ἦν
1060 876 1095 939 δέ
1121 901 1163 951 τις

145 965 292 1044 πειστικὸς
313 969 363 1032 nal
386 967 462 1055 ὄχλῳ
485 970 690 1051 πεποιημένος.
735 967 809 1034 ὅθεν
832 967 848 1034 ὃ
875 974 975 1053 Τίμων
997 972 1074 1054 φησὶ
1097 973 1164 1056 περὶ

145 1063 250 1131 αὐτοῦ·
275 1067 345 1130 «καὶ
367 1102 404 1111 -
426 1066 549 1130 ἕλκων».
604 1092 607 1097 ·

215 1181 318 1254 γενεὴν
341 1185 471 1241 Mainake
494 1201 545 1255 per
569 1184 692 1240 litteras:
721 1183 822 1256 γέννης
848 1186 913 1241 libri
936 1187 1010 1256 quod
1035 1187 1164 1244 defendit

145 1271 311 1328 Schaelerus
325 1274 355 1327 in
369 1273 510 1332 Huebner.
525 1273 592 1328 edit.
608 1275 756 1328 comment
771 1273 852 1344 Diog.
867 1274 923 1329 vol.
934 1273 961 1327 II
974 1293 1001 1344 p.
1015 1280 1066 1329 123
1082 1277 1162 1332 adhi-

146 1360 208 1415 bita
226 1360 319 1430 ellipsi
338 1361 398 1416 eius
416 1360 527 1430 generis
545 1362 638 1430 quode
655 1362 717 1431 ipse
731 1361 803 1416 dixit
820 1363 857 1416 ad
877 1362 954 1418 Bosii
971 1363 1063 1434 ellips.
1078 1383 1107 1434 p.
1120 1371 1161 1433 76,

146 1445 230 1518 μένης
242 1449 287 1514 Ης
305 1447 410 1519 μέννην
427 1449 529 1506 soraee
547 1445 657 1505 ἄτακτα
671 1451 711 1504 ΠΙ
724 1469 751 1522 p.
768 1456 818 1506 183
835 1453 840 1520 1
856 1446 914 1507 siud
931 1452 957 1507 Β
963 1451 1003 1506 P²
1019 1455 1024 1522 l
1040 1451 1161 1523 αἱμύλον

145 1553 241 1594 omnes
260 1537 410 1596 editiones:
435 1534 554 1608 αἱμύλον
577 1537 632 1609 GQ
651 1541 681 1594 et
699 1540 832 1609 Stephon.
852 1555 928 1609 poes.
947 1541 1049 1611 philos.
1068 1560 1099 1611 p.
1120 1549 1160 1611 68,

143 1622 261 1696 αἱμύλον
273 1629 353 1697 (corr.
364 1621 575 1696 extollov)1²¹,
591 1625 710 1698 αἱμύλον
717 1629 753 1682 Η
758 1645 836 1700 mg..
854 1622 955 1698 ἱμνλον
963 1629 1000 1700 Β,
1016 1625 1163 1702 ὁμώληνΗ

144 1731 357 1738 ——-..—-—

211 1796 306 1837 sonu.
332 1775 440 1836 Omnia
458 1777 521 1835 fere
541 1777 579 1836 ad
597 1776 878 1854 interpretationem
901 1781 1071 1839 necessaria
1092 1800 1161 1858 snp-

143 1873 263 1951 peditat
285 1875 369 1933 locus
387 1872 503 1933 Leontii
521 1891 613 1950 supra
632 1873 814 1950 descriptus:
838 1874 915 1935 addo
938 1878 1042 1935 tamen
1064 1878 1161 1939 homi·

144 1991 213 2030 nem
240 1969 442 2048 persuadendi
469 1970 617 2030 facultate
645 1971 794 2049 insignem
822 1973 966 2049 Σειρῆνος
993 1991 1162 2052 cognomen

141 2068 250 2127 tulisse
280 2059 332 2149 (cf.
356 2067 456 2127 Laert.
479 2067 568 2145 Diog.
591 2067 652 2127 VII
679 2060 756 2149 160)
787 2072 818 2128 et
846 2069 1021 2146 saepissime
1055 2072 1161 2132 simili-

142 2165 248 2224 tudine
271 2169 308 2224 nt
332 2165 467 2241 apprime
490 2164 598 2225 idonea
621 2165 661 2225 ad
683 2164 873 2226 audientium
895 2167 1010 2228 animos
1030 2187 1161 2231 eommo-

142 2261 255 2323 vendos
289 2280 379 2322 usum
411 2281 488 2340 esse;
521 2263 601 2323 unde
628 2264 744 2323 factum
772 2266 808 2323 ut
836 2264 901 2323 eins
929 2256 1104 2342 ὁμοιώματα
1131 2269 1161 2328 in

143 2359 415 2421 declamationibus
435 2365 585 2436 usurpata
603 2361 751 2439 singulari
769 2361 847 2420 libro
866 2361 1086 2440 colligerentur
1110 2357 1161 2446 (ef.

141 2458 325 2517 Ritschelius
350 2476 450 2533 opusc.
469 2458 543 2533 phil.
562 2458 578 2517 I
599 2478 626 2533 p.
648 2461 710 2519 557
722 2477 786 2535 sqq.
811 2463 842 2517 et
859 2457 1020 2539 Himelius‚
1045 2459 1161 2523 Ualero.

142 2554 174 2614 H
189 2555 290 2614 adnot.
306 2557 324 2612 2
341 2553 380 2613 ad
393 2575 422 2630 p.
433 2545 504 2634 31);
523 2554 652 2631 denique
673 2555 737 2615 eius
757 2556 874 2616 scholas
888 2573 907 2614 a
919 2557 1082 2634 permultis
1102 2560 1160 2619 fre·

141 2652 304 2727 ¹quentatae
328 2668 392 2710 esse
416 2641 469 2731 (cf.
487 2649 521 2709 L.
539 2650 576 2708 D.
593 2649 653 2710 VII
670 2654 731 2712 182
755 2670 886 2729 quocum
909 2654 1061 2715 consentit
1086 2655 1160 2715 Era·

140 2745 290 2806 tosthenis
309 2746 518 2807 testimonium
536 2747 617 2824 apud
636 2747 815 2809 Strabonem
832 2750 849 2809 I
868 2753 930 2828 2‚2
951 2771 980 2828 p.
1002 2743 1068 2833 15).

605 2977 690 3038 LXII

208 3102 380 3162 Laertius
402 3102 504 3179 Diog.
523 3101 567 3162 IX
587 3104 627 3163 69
651 3090 696 3179 ἦν
716 3096 981 3179 πολεμιώτατος
1003 3107 1080 3177 τοῖς
1103 3122 1160 3167 σο-

140 3202 299 3276 φισταῖς,
326 3191 366 3271 ὥς
383 3197 434 3260 aul
454 3198 554 3276 Τίμων
575 3198 668 3275 φησίν
686 3190 745 3280 (sic
759 3198 942 3278 FcHPQ‚·
955 3195 1078 3279 Τίμανώ
1098 3225 1159 3282 φη-

141 3312 190 3354 σιν
208 3294 253 3369 Β,
279 3289 399 3373 Τίμωνώ
422 3310 515 3373 φασιν
537 3290 578 3375 f),
604 3313 608 3316 ·

208 3390 311 3452 Sermo
331 3396 378 3452 est
396 3393 432 3466 de
449 3393 673 3471 Eurylocho,
697 3393 861 3472 Pyrrhonis
881 3393 1029 3471 discipulo
1048 3416 1158 3476 nsque,

139 3492 177 3548 ut
198 3487 325 3550 Paullus
348 3509 377 3567 p.
401 3492 442 3550 49
472 3489 664 3566 editoresque
687 3490 833 3569 Diogenis
862 3479 978 3567 opinati
1005 3498 1092 3572 sunt,
1120 3495 1159 3555 de
