2452 3832
438 113 763 194 '-46-

145 296 361 370 exsequeretur
383 291 560 368 surrexisse3
584 291 676 351 etiam
698 292 734 350 fr.
758 291 855 369 XXX,
883 311 943 369 quo
966 293 1067 352 nescio
1092 296 1167 372 quie

145 390 256 449 acriter
282 389 419 466 increpat
446 387 614 449 Ctesibium
637 388 876 466 Chalcidensem3
905 389 1014 450 adicio
1029 391 1167 468 denique

144 488 180 546 fr.
195 487 302 564 XXXI,
327 486 437 564 quibus
455 485 555 548 verbis
575 486 725 564 quendam
744 487 782 547 ab
802 487 973 549 adversario
992 488 1166 549 laceratum

146 603 211 644 esse
234 584 357 644 conicio.
479 634 482 639 .

209 681 283 740 Post
313 681 519 742 saevissimam
546 699 680 758 pugnam
703 681 885 758 descriptam
907 683 975 741 iam
991 682 1164 760 Pyrrhon

143 779 282 839 omnibus
304 779 422 858 ¹quibus
451 779 544 839 ceteri
568 779 742 856 philosophi
764 779 905 839 laborant
926 780 1105 840 libidinibus
1131 787 1165 842 et

59 935 60 938 ,
142 876 301 937 fraudibus
329 878 461 939 invictus
482 877 586 954 prodit
608 867 659 957 (fr.
672 869 812 957 XXXII)
841 878 982 954 rixasque
1005 877 1165 940 terribiles

123 975 296 1060 'componit
318 975 464 1035 §oratione
497 964 689 1052 gravissima
703 975 735 1033 in
764 994 866 1034 omnes
895 975 1102 1052 philosophos
1123 977 1163 1036 ob

141 1072 309 1132 altercandi
332 1073 468 1140 studium
490 1072 629 1133 invectus
653 1062 704 1152 (fr.
717 1071 849 1131 XXXIII
866 1074 897 1132 et
915 1065 1090 1154 XXXHII);
1116 1075 1163 1134 sic

142 1169 395 1229 omnesconvicti
408 1187 431 1228 a
450 1169 605 1244 Pyrrhone
629 1171 760 1245 quocum
782 1169 870 1230 n'emo
894 1174 1009 1230 certare
1029 1175 1164 1230 conatur

142 1258 192 1346 (fr.
207 1258 334 1349 XXXV)
348 1265 571 1342 obmutescunt,
590 1265 694 1342 itaque
708 1266 850 1343 Pyrrhon
863 1267 1056 1345 recuperavit
1073 1271 1159 1327 tram

142 1362 327 1439 quillitatem
350 1364 389 1423 ad
411 1362 499 1424 beate
527 1363 689 1424 vivendum
710 1363 776 1439 'ipsi
803 1364 931 1424 maxime
955 1365 1161 1424 necessariam

139 1460 236 1520 visam
259 1452 309 1541 (fr.
333 1452 484 1541 XXXVI).
526 1475 616 1537 quem
644 1478 714 1520 cum
737 1461 845 1521 Timon
869 1462 950 1522 hunc
972 1463 1004 1521 in
1031 1463 1161 1522 modum

140 1555 172 1617 ἕν
195 1558 350 1638 νηνεμίῃσι
371 1550 502 1638 γαλήνης
524 1559 696 1618 versantem
716 1558 802 1619 ridet
825 1552 875 1640 (fr.
893 1551 1065 1640 XXXVII),
1090 1578 1159 1620 sese

139 1658 178 1718 ad
202 1676 271 1716 enm
294 1656 445 1717 convertit
467 1654 632 1732 insigniter.
651 1675 720 1714 eum
742 1657 883 1734 laudans,
915 1657 996 1734 quod
1020 1657 1159 1716 omnium

139 1754 343 1830 sophistarum
378 1752 537 1812 fraudibus
571 1753 703 1814 invictus
735 1754 844 1830 spretis
877 1755 921 1814 eis
952 1754 1043 1813 rebus
1076 1775 1159 1832 quae

138 1851 252 1910 nullius
280 1853 341 1911 sint
367 1851 460 1928 pretii
491 1849 625 1918 omnium
652 1869 731 1910 unus
759 1869 830 1913 vere
857 1851 966 1911 beatus
993 1851 1080 1912 vivat
1105 1844 1158 1933 (fr.

137 1941 319 2030 XXXVIII).
356 1949 411 2008 has
435 1945 690 2025 splendidissimas
713 1947 745 2006 in
768 1949 873 2008 laudes
896 1948 1003 2008 exiisse
1023 1947 1159 2009 arbitror

137 2046 249 2104 librum
267 2046 435 2122 primum3
453 2044 573 2104 Euboei
586 2047 689 2103 tamen
702 2044 785 2104 Parii
802 2045 909 2120 parodi
928 2044 1021 2105 etiem
1039 2045 1156 2106 diserto

136 2143 311 2203 testimonio
348 2134 398 2224 (fr.
426 2133 616 2223 XXXVIIII)
648 2142 746 2219 primo
778 2141 856 2201 libro
890 2143 987 2202 inesse
1020 2144 1158 2204 traditur

135 2241 262 2319 mentio,
291 2260 368 2318 quae
397 2239 546 2317 quomodo
575 2241 657 2299 facta
679 2229 725 2298 sit
747 2243 784 2298 ut
806 2240 923 2299 multae
951 2244 1080 2317 possunt
1105 2260 1156 2300 ex·

136 2339 265 2418 cogitari
287 2333 420 2399 retiones
443 2337 489 2397 ita
511 2338 598 2396 nulla
619 2335 750 2413 probari.

201 2437 237 2498 In
252 2436 411 2496 secundo
425 2435 521 2494 libro
535 2435 672 2515 suspicor
680 2434 812 2510 primum
821 2433 1088 2511 Xenophanem,
1100 2436 1155 2512 qui

133 2532 383 2611 philosophorum
402 2531 560 2591 certamini
577 2549 638 2590 non
655 2531 804 2610 interfuit,
822 2531 942 2608 prodire
962 2522 1013 2612 (fr.
1024 2525 1155 2614 XXXX)

135 2634 166 2689 et
194 2649 212 2690 a
241 2629 366 2688 Timone
394 2628 589 2706 interrogari,
616 2647 676 2687 cur
704 2629 821 2706 proelio
848 2629 1063 2690 committendo
1091 2648 1154 2689 non

133 2726 317 2786 interfuerit.
350 2744 410 2803 quo
434 2727 515 2786 facto
534 2726 710 2805 respondet,
734 2745 798 2786 sese
822 2727 898 2785 nihil
922 2745 1027 2786 curere
1047 2745 1155 2787 omnes

133 2825 209 2884 istos
231 2822 427 2900 philosophos
450 2826 615 2902 nugatores
634 2842 733 2901 neque
752 2823 930 2902 Socraticos,
948 2821 1153 2902 Phaedonem,

132 2922 291 2982 Euclidem
315 2913 365 3003 (fr.
388 2914 544 3005 XXXXI),
567 2940 665 2999 neque
688 2921 885 2982 Academicos
917 2915 967 3003 (fr.
991 2916 1153 3005 XXXXII)

132 3040 230 3098 neque
253 3020 451 3080 Aristotelem
475 3012 525 3100 (fr.
544 3011 731 3102 XXXXIII)3
755 3019 813 3079 sibi
836 3020 1004 3096 sapientise
1027 3023 1153 3080 tantum

132 3118 267 3177 studium
300 3113 383 3177 cordi
414 3135 478 3177 esse
506 3135 683 3194 semperque
715 3117 823 3194 fuisse,
856 3125 954 3195 neque
983 3116 1063 3176 enim
1092 3116 1153 3176 sibi

131 3215 201 3276 viro
220 3215 374 3292 Lydorum
392 3215 580 3276 luxuriosam
598 3215 694 3276 vitam
712 3213 872 3292 placuisse,
891 3216 944 3274 sed
963 3213 1152 3274 Graecorum

131 3311 298 3389 simplicem
320 3313 420 3374 rictus
445 3313 695 3373 consuetudinem
714 3303 765 3394 (cf.
787 3313 823 3372 fr.
837 3311 1012 3372 XXXXIIII
1035 3311 1152 3372 dIserte

70 3461 74 3466 ,
126 3410 262 3469 secundo
270 3409 349 3470 libro
360 3401 573 3492 attributum);
587 3409 683 3470 nihilo
699 3410 907 3470 setiusveram
916 3410 998 3470 viam
1008 3410 1151 3486 quemvis

102 3503 283 3574 sapientiae
307 3509 577 3572 studiosissimum
602 3527 634 3570 se
652 3528 716 3570 non
730 3507 900 3586 repperisse
918 3499 970 3587 tiu
983 3499 1150 3588 XXXXV).
