2452 3832
470 118 689 184 ..51-

137 283 221 344 Haec
252 285 348 362 igitur
379 283 480 343 omnia
512 283 709 361 singulariter
737 283 924 359 explananda
953 284 1027 343 duxi
1054 283 1086 343 in

66 381 293 443 commentariis
316 399 394 459 quae
418 381 547 458 singulis
573 381 751 457 fragmentis
775 381 928 458 adscripsi.

135 479 181 538 De
209 476 456 538 adnotationibus
485 477 628 537 criticis
657 495 756 552 pauca
784 479 900 537 addam.
946 479 1086 540 Duorum

68 577 260 654 scriptorum,
283 575 365 652 apud
388 593 464 652 quos
487 576 577 652 longe
596 574 726 634 maxima
749 575 990 653 fragmentorum
1012 595 1084 653 pars

67 677 190 734 servate
213 677 271 751 est,
294 672 446 732 Athenaei
465 675 496 732 et
513 671 629 732 Laertii
647 672 793 750 Diogenis
812 674 930 734 codices
949 675 1085 734 nondum

68 771 107 832 ab
137 771 201 830 ullo
235 770 349 830 editore
380 773 521 829 accurate
553 770 671 831 excussi
703 775 782 830 sunt.
829 769 954 832 Gaudeo
988 772 1084 850 igitur

67 869 150 947 quod
177 867 359 928 Athenaei
391 866 500 928 codicis
527 867 673 926 Marciani
700 866 730 926 A
757 869 924 944 scripturas
942 868 1083 946 ‘diligen-

66 967 185 1026 tissime
213 965 379 1041 descriptas
406 964 575 1025 liberaliter
601 964 676 1024 mihi
702 963 853 1043 Georgius
875 965 985 1025 Kaibcl
1014 985 1083 1044 sup·

55 1063 232 1142 ,peditarit3
259 1063 409 1140 epitomae
436 1081 508 1122 sane
537 1055 588 1143 (de
612 1081 673 1139 qua
695 1063 732 1122 of.
755 1067 877 1139 praeter
900 1063 1083 1143 Kaibeli-um,

67 1164 104 1222 de
126 1161 268 1222 Attacori
295 1164 414 1236 epitom
431 1160 597 1220 Wissowae
620 1161 656 1219 dc
678 1157 820 1220 Athernei
843 1164 967 1235 epitoma
989 1163 1084 1222 obscr-

66 1261 196 1318 emme
218 1258 250 1316 in
269 1249 594 1317 ‘Commentationibus
612 1257 776 1335 philologis
794 1258 826 1316 in
844 1258 989 1317 bonorem
1003 1259 1082 1338 Aug.

66 1353 306 1414 Reifferscheidii
324 1347 441 1435 editis')
462 1354 599 1414 codicum
617 1374 713 1417 novae
732 1356 909 1416 collationes
928 1356 1003 1416 mihi
1021 1376 1081 1417 non

66 1456 189 1530 praesto
214 1455 309 1511 erant.

134 1549 276 1608 Laertii
303 1569 374 1611 vero
398 1549 574 1626 Diogenis
602 1549 663 1608 iam
686 1548 718 1606 in
740 1549 898 1624 proeodosi
920 1547 1083 1627 largiorem

66 1647 235 1723 scripturae
267 1647 464 1723 discrepantis
494 1645 678 1722 farraginem
711 1645 846 1722 exhibui,
880 1664 973 1723 quam
1002 1665 1082 1705 nunc

67 1744 185 1806 omissis
207 1749 309 1804 tamen
332 1743 583 1820 interpretatione
605 1742 718 1801 Latina
743 1745 775 1801 et
797 1741 981 1802 editionibus
1004 1743 1082 1802 enti-

67 1841 136 1918 quis
162 1845 284 1918 praeter
305 1839 525 1900 Frobenianam
552 1838 675 1915 iteravi3
704 1838 757 1897 sed
780 1839 889 1898 addere
912 1840 973 1898 iam
996 1841 1083 1917 potui

66 1939 232 2015 scripturas
255 1936 557 2017 gravissimorum
580 1936 717 1996 codicum
736 1955 812 2014 quos
831 1955 928 2014 nuper
946 1940 1001 1997 aut
1018 1937 1083 2014 ipse

66 2037 186 2097 excussi
208 2039 264 2097 eut
286 2035 340 2095 alii
361 2052 430 2093 mea
452 2051 544 2092 causa
561 2034 763 2095 contulerunt.
799 2038 957 2110 praeterea
976 2037 1083 2112 utpote

64 2134 99 2192 in
123 2137 246 2192 auctore
269 2133 356 2192 cuius
379 2129 547 2190 diorthosin
565 2130 738 2191 etiamnunc
760 2132 925 2193 desiderari
943 2151 997 2192 suo
1016 2133 1083 2192 iure

64 2229 159 2290 multi
178 2230 299 2307 lugent,
322 2232 359 2288 ut
378 2247 439 2288 uno
458 2231 622 2304 conspectu
640 2229 676 2288 de
695 2229 812 2288 cunctis
832 2229 885 2306 qui
904 2229 980 2288 mihi
998 2230 1082 2289 inno·

64 2329 194 2387 tuerunt
221 2325 373 2386 codicibus
401 2325 548 2394 iudicium
575 2325 640 2384 fieri
666 2329 783 2403 posset,
811 2326 907 2385 adieci
931 2329 1083 2403 quotquot

64 2423 142 2482 mihi
161 2422 378 2500 adscripseram
395 2442 451 2500 per
463 2423 564 2482 Italici
580 2423 697 2484 itineris
713 2423 974 2500 opportunitatem
989 2423 1081 2483 alio·

64 2541 143 2581 rum
166 2521 313 2581 librorum
335 2521 490 2582 lectiones.
514 2509 515 2512 ¹

133 2620 169 2679 in
188 2620 350 2680 afferendis
373 2623 476 2680 tamen
499 2619 667 2696 scripturae
693 2618 903 2696 discrepantiis
927 2619 1083 2680 sciendum
1159 2689 1163 2694 .

65 2719 114 2778 est
142 2735 209 2778 eam
235 2735 327 2794 qnam
354 2736 390 2776 ex
418 2717 596 2793 disciplinae
623 2717 786 2779 severitate
816 2719 903 2778 dccet
932 2719 1082 2778 rationem

65 2815 153 2892 sequi
171 2833 219 2874 me
237 2833 298 2874 non
315 2813 451 2891 potuisse
470 2813 528 2874 nisi
546 2815 578 2872 in
593 2818 741 2891 quattuor
754 2814 904 2891 optimis
919 2814 1082 2891 codicibus,

64 2912 204 2971 Parisino
222 2911 320 2987 primo
340 2914 371 2970 et
389 2911 486 2970 altero
506 2903 592 2990 (Pet
606 2903 653 2991 Q),
676 2911 848 2972 Burbcnico
868 2912 1081 2988 antiquissimo

64 3001 127 3091 (B)
151 3014 182 3070 et
199 3007 404 3072 Laurentiano
427 3007 523 3084 primo
544 2999 616 3089 (F),
639 3012 798 3085 praeterea
820 3009 853 3066 in
876 3007 1080 3068 Laurentiano

64 3107 158 3166 tertio
183 3097 244 3186 (H)
269 3108 300 3164 et
322 3105 353 3163 in
375 3103 525 3163 Vaticano
547 3104 651 3164 Vrsini
675 3096 745 3185 (V),
769 3104 899 3183 denique
923 3105 955 3163 in
977 3105 1081 3168 Mona·

65 3204 148 3266 censi
172 3195 247 3284 (M).
283 3201 382 3286 dicem
405 3201 443 3261 de
467 3201 603 3278 singulis.

132 3302 287 3362 Parisinus
307 3300 440 3360 Graecus
462 3303 545 3360 1759
566 3317 642 3359 saec.
657 3299 728 3358 XIV
752 3299 883 3377 scriptus
902 3292 959 3383 (P)
984 3303 1081 3360 scatet

64 3398 315 3477 correctionibus3
334 3399 408 3458 mibi
427 3398 607 3459 amicissime
622 3401 653 3457 et
666 3398 755 3476 longe
770 3398 995 3459 accuratissime
1012 3417 1082 3457 eum

65 3499 199 3559 excussit
214 3496 473 3576 Gundermannus,
492 3516 528 3557 ex
547 3497 634 3558 cuius
651 3494 774 3558 notitiis
792 3496 1015 3576 grassianum
1021 3489 1096 3548 sm>-

915 3587 953 3642 Ψ
