2438 3832
78 152 187 198 morus
200 153 249 194 FB.
264 155 275 194 1

238 697 397 770 isicius
427 694 667 769 emicavit
693 693 954 778 auciacus
1035 670 1037 673 ’

590 909 606 967 Ι

131 1019 159 1095 ci
183 1028 289 1096 πέπον
310 1023 466 1112 Ἀρχύτα,
490 1025 709 1111 ψαλληγενές,
734 1021 930 1111 ὀλβιότυφε,

131 1138 191 1221 τῆς
214 1129 342 1219 ὑπάτης
365 1135 476 1220 ἔριδος
498 1130 635 1199 πόντων
658 1127 864 1219 ἐμπειρότατ’
890 1128 1026 1218 ἀνδρῶν

386 1326 507 1368 nouum
529 1326 669 1368 neceam
692 1325 809 1369 vsasvs
907 1377 909 1380 ¹

85 1427 118 1481 in
136 1442 162 1480 v.
184 1432 212 1480 1:
232 1429 253 1480 Z
272 1430 306 1480 55
325 1425 360 1479 al.
381 1415 402 1478 ὦ
422 1422 514 1480 πέπον
534 1425 644 1496 (eadem
662 1441 758 1479 versus
777 1423 853 1494 sede)
917 1456 920 1460 -

234 1517 260 1567 Γ
277 1519 328 1568 182
348 1503 369 1566 ὦ
389 1513 484 1582 μάκαρ
500 1509 630 1584 Ἀτρείδη,
649 1509 823 1584 μοιρηγενές,
843 1507 1026 1584 ὀλβιόδαιμον

85 1603 119 1658 in
136 1619 161 1656 v.
182 1607 212 1656 2:
231 1606 253 1656 A
273 1608 324 1656 146
339 1597 454 1654 πάντων
470 1595 657 1670 ἐκπαγλότατ’
674 1595 786 1666 ἀνδρῶν
802 1598 911 1666 (eadem
920 1615 1017 1654 versus
1028 1599 1105 1668 sede)

160 1785 245 1827 masc.
265 1765 437 1824 Laertius
451 1765 519 1825 Dio
525 1786 553 1844 g.
563 1765 608 1824 IV
620 1765 660 1826 52
676 1758 793 1842 εὐφυὴς
806 1757 863 1845 γὰρ
876 1748 916 1843 ἦν
930 1764 1106 1847 παρῳδῆσαι

91 1855 214 1946 (Bion)'
240 1854 288 1922 οἷό
310 1859 388 1922 ἔστιν
412 1855 503 1925 αότοῦ
526 1859 699 1923 καὶταῦτα
724 1849 769 1921 «τό
796 1893 833 1902 -
859 1855 1008 1940 ἀνδρῶν».
1047 1873 1053 1890 ·

159 2057 256 2100 coum
293 2039 445 2117 Archytas
470 2040 651 2100 Tarentinus
674 2039 792 2116 petitur
813 2043 937 2116 propter
958 2040 1105 2100 musicam

91 2137 267 2217 docuinam,
292 2156 352 2216 qua
376 2138 537 2198 excolenda
557 2139 610 2197 ille
629 2156 708 2197 unus
728 2137 863 2197 omnium
881 2139 1010 2198 maxime
1029 2139 1109 2198 inter

91 2238 300 2316 Pythagoreos
324 2235 479 2296 excelluit:
503 2237 540 2294 cf.
559 2234 686 2296 Ptolem.
705 2234 829 2294 hermi
851 2237 890 2295 13
910 2256 938 2313 p.
955 2237 995 2295 31
1016 2231 1107 2296 Wall.

1 2403 8 2424 γ’
88 2329 229 2414 Ἀρχύτας
251 2327 268 2396 ό
294 2336 474 2412 Ταραντῖνος
502 2326 623 2412 μάλιστα
649 2335 709 2393 τῶν
732 2333 952 2414 Πυθαγορείων
975 2330 1109 2410 ἐπιμελη-

57 2491 65 2506 ,
90 2430 157 2505 θεὶς
192 2433 335 2510 μονοινῆς
371 2423 454 2512 (vide
492 2431 584 2492 etiam
620 2430 767 2509 Porphyr.
803 2431 835 2490 in
871 2431 998 2492 Ptolem.
1025 2430 1041 2488 Ι
1067 2432 1107 2490 13

91 2552 120 2608 p.
132 2532 194 2591 313
206 2529 254 2589 w.
269 2534 301 2590 et
314 2530 421 2590 Boea.
437 2529 473 2591 aa
487 2529 583 2590 insta.
597 2530 702 2589 musa.
713 2528 741 2586 v
758 2532 797 2589 17
812 2550 841 2606 p.
853 2531 956 2608 aeae
973 2519 1108 2610 saeua.

90 2629 268 2705 conscripsit
290 2630 343 2688 ille
365 2629 551 2707 singularem
571 2628 607 2689 de
625 2628 742 2688 musica
759 2627 872 2689 librum
891 2618 944 2708 (cf.
962 2621 1108 2714 Pcrphyr.

59 2715 64 2724 ’
90 2726 123 2784 in
144 2725 272 2784 Ptolem.
295 2725 312 2783 I
336 2727 354 2784 ὃ
378 2745 407 2800 p.
433 2729 495 2786 267
520 2718 599 2807 W.),
627 2726 713 2786 cuius
740 2725 863 2786 initium
886 2728 1041 2786 servatum
1064 2727 1110 2784 est

91 2839 152 2881 non
176 2821 276 2879 solum
298 2820 380 2896 apud
402 2822 621 2883 Nicomachum
642 2821 745 2881 Geras.
769 2823 888 2882 arithm.
911 2822 986 2898 isag.
1005 2821 1021 2878 Ι
1041 2823 1069 2896 3,
1089 2821 1109 2878 4

92 2938 121 2995 p.
147 2917 175 2993 6,
201 2918 241 2975 16
265 2916 360 2976 Hcch.
407 2920 438 2975 et
465 2918 570 2994 aliqua
593 2935 628 2976 ex
651 2921 739 2994 parte
761 2918 907 2976 iteratum
930 2917 1012 2993 apud
1034 2916 1110 2976 The-

92 3032 180 3075 cnem
208 3013 325 3091 Smym.
355 3014 459 3074 music.
484 3036 513 3092 p.
539 3016 580 3074 74
610 3013 831 3086 ed.Bullia1d.‚
865 3012 916 3072 sed
948 3012 1030 3091 quod
1061 3016 1111 3075 vel

92 3111 244 3172 Hochium
261 3110 344 3190 fugit
361 3111 459 3171 multo
479 3111 610 3188 amplius
629 3111 711 3187 apud
728 3110 932 3188 Pomhyrium
950 3110 982 3170 in
999 3111 1079 3172 Ptol.
1095 3111 1111 3170 Ι

93 3212 112 3269 8
136 3230 165 3287 p.
190 3211 253 3270 236
282 3209 337 3286 qui
362 3209 483 3269 disertis
512 3208 611 3270 verbis
640 3207 724 3269 addit
742 3201 865 3287 Ἀρχότα
891 3211 944 3271 τοῦ
966 3209 1110 3290 Πυθαγο-

93 3306 173 3385 ρελον
197 3295 234 3368 οὗ
259 3301 382 3386 μάλιστα
403 3305 454 3368 καλ
477 3300 586 3388 γνήσια
608 3303 718 3388 λέγεται
740 3298 815 3367 εἶναι
838 3299 873 3366 τὰ
892 3301 1110 3388 συγγράμματα.

5 3439 6 3444 1
93 3403 125 3461 in
149 3421 183 3463 eo
206 3409 326 3482 praeter
349 3405 411 3465 alia
434 3405 514 3466 scitu
536 3404 714 3484 dignissima
732 3405 872 3482 exposuit
890 3405 1115 3483 geometricam

94 3500 329 3581 arithmeticam,
370 3504 518 3564 musicam
559 3503 736 3584 disciplinas
775 3503 861 3562 intes
902 3520 940 3559 ss
981 3498 1142 3566 mmm
