2452 3832
536 127 756 192 ...76-

140 293 253 370 optime
274 292 402 369 monuit,
420 309 500 350 nunc
519 290 690 350 accuratius
709 289 849 366 exposuit
863 282 1164 371 Wilamowitzius2),

140 389 327 467 conoquium
348 387 549 447 bellissimum
573 391 604 447 et
627 388 821 466 concitatum,
845 389 926 466 quod
945 389 1025 448 inter
1043 387 1163 448 Πενίαν

140 491 172 546 et
193 481 228 546 τὰ
247 480 412 566 Πράγματο
430 486 556 563 fingitur
574 485 721 563 habitum,
743 505 804 563 quo
823 486 1049 547 demonstratur
1066 485 1161 561 plane

140 604 200 644 non
222 584 332 643 habere
355 584 571 660 Paupertatem
595 601 650 642 cur
671 584 867 661 lamentetur,
892 582 1159 660 apophthegmatis

68 717 73 730 ι
140 681 322 760 quibusdam
355 700 433 758 quae
462 700 498 741 ex
525 681 700 758 cynicorum
728 680 819 740 chriis
848 685 879 741 et
906 679 1045 741 diatribis
1067 681 1160 756 petiit

141 780 320 856 compilator
360 778 562 860 interpositis,
604 778 789 854 descriptum
826 782 873 838 est
908 777 1089 853 simpliciter
1126 797 1161 838 ex

138 877 243 938 Bionis
276 876 398 955 dialogo
427 876 558 954 quodam
587 875 747 935 Lucianeo.
794 894 854 952 quo
882 875 997 934 adscito
1025 875 1088 934 iam
1116 876 1161 933 in·

139 975 266 1052 telleges
294 974 368 1051 quid
391 974 527 1034 convicia
550 974 631 1050 apud
654 973 822 1050 Diogenem
845 991 917 1049 erga
939 971 1066 1031 Bionem
1091 992 1161 1050 pro-

140 1073 205 1131 lata
227 1072 363 1132 valeant:
387 1071 541 1149 egregiam
563 1069 809 1146 προσωποποιίοιν
832 1069 957 1131 adhibet
979 1069 1040 1146 ille,
1063 1071 1163 1148 igitur

138 1163 295 1244 θεατρικός
327 1167 426 1244 audit3
459 1185 553 1228 vanas
586 1167 697 1244 quibus
730 1167 866 1227 homines
894 1159 1159 1248 (philosophique)

140 1265 238 1341 decipi
260 1265 359 1324 solent
382 1263 538 1340 opiniones
562 1264 673 1324 evertit
695 1283 755 1324 non
778 1283 880 1325 severe
904 1264 1085 1341 exagitando
1109 1265 1161 1325 sed

139 1363 236 1422 facete
255 1361 426 1439 deridendo,
449 1361 546 1438 igitur
565 1366 611 1420 est
626 1355 720 1434 πολὺς
739 1360 825 1445 ἐντῷ
841 1362 945 1444 γελοίῳ
960 1363 1162 1440 διὀιφορῆοοι;

138 1463 176 1519 ut
197 1458 364 1537 legentium
387 1458 612 1519 audientiumve
637 1459 752 1519 animos
774 1461 929 1537 percellat,
953 1478 1013 1518 non
1037 1459 1162 1519 sublimi

141 1556 273 1616 dictione
305 1557 406 1616 utitur
437 1557 489 1616 sed
521 1557 587 1632 ipso
619 1574 753 1616 sermone
785 1558 931 1616 familiari
961 1558 1161 1635 loquiturque

141 1654 181 1714 ad
209 1673 332 1716 sensum.
356 1655 534 1731 popularem
556 1655 775 1732 vulgaremque
798 1647 1037 1736 accomodate2),
1065 1656 1162 1733 igitur

139 1757 266 1812 notatur
296 1756 448 1830 φορτικοῖς
475 1745 601 1830 ὀνόμασι
623 1745 696 1811 κατὰ
719 1754 778 1812 τῶν
800 1747 980 1833 πραγμάτων
1002 1745 1161 1831 χρώμενος.

137 1869 216 1910 nunc
249 1851 281 1910 id
309 1869 430 1927 quoque
457 1849 567 1909 melius
595 1850 758 1927 perspicies
786 1869 878 1927 quam
905 1851 1035 1928 contigit
1062 1869 1160 1928 nuper

137 1939 335 2028 Knaaokio³),
355 1948 429 2025 quid
447 1935 574 2006 tandem
592 1947 801 2008 similitudinis
815 1947 1019 2007 intercesserit
1032 1947 1160 2007 Bionem

137 2043 217 2104 inter
240 2048 271 2103 et
288 2043 460 2122 Horatium,
484 2044 539 2121 qui
560 2036 617 2124 (cp.
637 2044 716 2122 112,
736 2037 794 2125 60)
818 2045 927 2104 satiras
951 2063 1021 2104 suas
1045 2044 1159 2122 signifi·

138 2142 219 2216 cavit
245 2142 344 2202 verbis
373 2143 447 2202 satis
475 2141 556 2202 notis
586 2141 708 2218 quidem
736 2141 788 2202 sed
815 2162 875 2202 non
904 2143 977 2202 satis
1001 2143 1160 2218 explicatis

133 2230 268 2299 ‘Bioneis
288 2239 476 2300 sermonibus
499 2243 530 2299 et
548 2239 612 2298 sale
630 2231 773 2321 nigro’⁴).
811 2239 842 2297 id
855 2239 956 2316 ipsum
970 2241 1072 2298 tamen
1091 2258 1160 2299 eum

137 2354 197 2396 non
220 2319 358 2397 nostrum
377 2337 535 2397 inventum
554 2337 595 2397 sit
613 2337 785 2396 accuratius
804 2338 965 2413 explanare
982 2355 1042 2396 non
1061 2337 1159 2415 magis

141 2477 354 2486 ————---.---—

140 2541 191 2594 auf
212 2541 257 2596 die
275 2540 366 2609 Klage
385 2541 454 2596 fiber
473 2539 514 2594 sie
535 2543 697 2608 autumet,
717 2556 773 2594 von
791 2540 862 2594 Bion
881 2579 909 2595 ..
929 2540 980 2595 hat
997 2539 1079 2596 Telos
1097 2557 1160 2596 ous-

138 2619 337 2688 geschrieben‚
370 2618 429 2674 das
459 2617 595 2690 cinzige
624 2619 729 2675 Seeck
757 2637 825 2676 von
857 2621 979 2676 descen
1009 2620 1159 2677 Schrift-

138 2697 321 2754 stellerei.’

214 2782 239 2845 1)
258 2778 392 2847 Antipera.
411 2797 437 2848 p.
456 2784 510 2834 296
530 2796 588 2848 sqq.

210 2861 238 2927 2)
256 2856 353 2912 Etiam
372 2857 402 2911 in
421 2857 505 2912 chriis
526 2858 585 2914 eius
605 2859 681 2914 haud
695 2876 788 2930 pauca
802 2859 906 2915 similia
919 2859 1029 2928 insunt;
1048 2865 1161 2930 praeter

137 2936 246 2993 Graeca
254 2936 321 2994 vide
332 2937 476 3008 Senecam,
491 2939 524 2993 de
534 2940 675 3009 tranquill.
684 2945 768 2998 caim.
780 2947 805 3009 8,
816 2949 845 2996 2:
858 2940 941 2997 ‘Bion
954 2942 1100 3012 eleganter
1109 2943 1160 3011 sit,

137 3034 196 3073 non
225 3017 317 3074 minus
340 3019 492 3074 molestum
520 3035 581 3074 esse
605 3019 692 3076 calvis
717 3039 801 3090 quem
825 3022 943 3078 comatis
969 3022 1041 3092 pilas
1064 3022 1160 3090 velli';

138 3113 229 3166 neque
249 3095 370 3167 φορτικοὶ
386 3093 515 3168 ὀνόματα
530 3098 644 3155 desunt:
663 3103 696 3156 ub
709 3103 762 3157 hoc
776 3118 887 3171 ponam,
906 3099 1158 3158 καταοκελετεύειν

139 3175 212 3231 dixit
229 3176 305 3246 apud
323 3177 408 3243 Plut,
426 3179 460 3233 de
478 3178 554 3234 liber.
573 3181 649 3235 educ.
670 3196 693 3237 c.
715 3187 747 3236 10
767 3197 830 3250 eos,
855 3180 905 3250 qui
923 3197 1037 3252 operam
1057 3182 1161 3238 frustra

135 3257 166 3310 in
182 3255 305 3326 negotiis
323 3257 473 3313 inutilibus
492 3262 671 3315 consumant.

207 3341 235 3405 3)
254 3339 328 3392 anal.
349 3339 409 3394 erit.
429 3355 457 3407 p.
477 3344 503 3392 4.

205 3421 234 3487 4)
252 3416 433 3473 Incredibilia
458 3417 546 3487 plene
564 3417 599 3474 de
615 3419 659 3473 his
674 3421 770 3474 narrat
784 3419 953 3476 Fritzschius
968 3421 987 3474 l.
1002 3439 1023 3476 s.
1039 3439 1067 3490 p.
1077 3419 1163 3491 XLII,

127 3498 163 3548 ot
179 3497 357 3565 antiquiores
375 3497 498 3556 mittam.
