2452 3832
469 98 688 194 ÷61-

70 262 243 339 Stobaeum,
267 262 315 322 ccl.
338 262 370 320 Π
395 265 427 340 1,
453 264 493 321 18
517 271 545 338 p.
571 265 599 339 6,
626 264 666 321 14
690 256 856 343 Wachsm.)
884 263 957 324 haec
981 263 1087 324 habet:

68 353 263 435 Ξενοφάνους
289 353 407 438 πράτοο
435 353 523 438 λόγος
548 347 642 436 ἦλθεν
672 357 714 430 εἰς
740 353 810 432 τοὺς
829 354 977 438 Ἕλληνας
1004 355 1088 433 άξιος

66 457 185 535 γραφῆς
217 450 287 534 ἅμα
314 455 445 538 παιδιᾷ
476 450 536 527 τάς
565 475 599 514 τε
630 457 699 515 τῶν
722 449 837 516 άλλων
858 448 989 534 τόλμας
1012 454 1085 518 ἐπι·

67 544 289 631 πλάττοντος
311 551 361 614 uui
382 546 437 631 τὴν
456 545 548 614 αὑτοῦ
566 546 760 633 παριστάντος
778 544 947 633 εὐλάβειαν,
971 549 1011 626 ὦς
1029 549 1087 633 άρα

67 643 140 722 θεὸς
166 647 222 728 μὲν
249 644 311 712 οἶδε
337 645 393 728 τὴν
421 643 582 736 disideras,
615 643 705 723 δάκος
733 643 762 710 d’
788 647 836 711 ἐπὶ
863 654 935 712 πάσι
957 648 1086 713 τέτυκται

69 740 120 828 (fr.
146 749 187 806 14
210 741 373 828 Karsten).
491 741 493 744 ’

135 842 262 904 Constat
290 845 387 922 igitur
412 862 432 910 a
454 842 638 921 Xenophane
667 846 796 921 scriptos
824 863 889 906 esse
912 847 996 908 sillos
1020 849 1038 906 i.
1062 869 1086 908 e.

69 941 204 1001 carmina
227 942 337 1019 quibus
356 941 514 1001 Thaletem
532 941 740 1020 Pythagoram
757 942 967 1020 Epimenidem
989 945 1086 1022 philo-

69 1039 180 1116 sophos
208 1031 417 1120 δογματιιιοάς,
445 1039 611 1100 Homerum
633 1039 860 1117 Hesiodumque
888 1044 994 1116 poetas
1022 1041 1088 1122 doy-

68 1130 208 1215 ματικοάς
235 1138 396 1214 praecipue
425 1142 549 1214 propter
571 1156 729 1214 perversas
753 1138 789 1196 de
813 1138 876 1199 dcis
900 1140 1088 1199 narrationes

68 1225 106 1294 et
124 1235 279 1311 opiniones
303 1235 523 1312 vituperaverit
546 1235 682 1296 versibus
703 1235 885 1295 hexametris
897 1236 1017 1312 passim
1034 1256 1089 1314 per

70 1331 246 1391 Homericus
265 1333 405 1409 parodias
424 1333 583 1410 distinctis,
602 1337 638 1393 nt
656 1332 758 1394 videre
777 1336 824 1391 est
842 1333 874 1390 in
888 1333 1087 1410 reliquiarum

71 1448 163 1506 quam
186 1430 300 1490 subieci
322 1431 506 1490 collectione.

134 1526 290 1603 Adscripsi
304 1530 415 1586 autem
439 1526 516 1586 sillis
540 1545 576 1586 ea
597 1530 719 1588 tantum
737 1526 909 1603 fragmenta
928 1545 1006 1604 quae
1025 1545 1087 1588 cer-

67 1623 186 1683 tissima
204 1625 408 1684 cavillationis
427 1625 557 1702 vestigia
574 1643 648 1701 prae
662 1642 693 1684 se
707 1624 815 1700 ferant,
835 1623 923 1682 omisi
937 1641 1086 1700 quaecun-

71 1740 130 1798 que
153 1721 278 1780 carmini
299 1718 367 1800 περὶ
395 1716 515 1798 φάσεως
539 1721 641 1780 eadem
663 1720 712 1780 vel
734 1720 846 1778 maiore
872 1719 1087 1796 probabilitate

69 1818 198 1883 attribui
212 1812 416 1898 potuerunt).
439 1837 563 1895 prorsus
577 1821 681 1879 autem
694 1817 844 1876 incertum
858 1820 904 1876 est
919 1817 1000 1894 quod
1010 1818 1087 1879 sillis

68 1915 266 2000 coniectando
286 1915 460 1993 adsignavit
475 1914 509 1975 G.
523 1913 706 1991 DiudorfiuS,
726 1913 779 1990 qui
797 1913 829 1972 in
847 1907 957 1974 He'rod.
976 1935 1007 1976 π.
1021 1937 1086 1994 μον.

67 2008 126 2085 λάξ.
148 2034 179 2089 p.
205 2017 238 2090 7,
265 2015 303 2072 11
332 2004 412 2089 παρά
433 2004 636 2089 Ἀριστοφάνει
660 2007 693 2070 ἐν
716 2008 884 2070 δινσίλλωνι
907 2002 1086 2092 (decutitur,

71 2113 108 2169 ut
130 2099 243 2189 nunc²)
272 2112 402 2186 constat,-
424 2109 488 2168 cod.
512 2100 708 2189 Havuiensis)
732 2105 782 2168 καὶ
804 2102 998 2188 ἕπαθοριήοειε
1020 2105 1087 2182 νέος

69 2207 126 2282 νῆς
149 2197 341 2280 ἀμφιπόλοιο,
363 2208 527 2281 postquam
549 2205 580 2263 in
598 2205 666 2280 ipsa
684 2196 848 2285 editioncl)
868 2207 930 2266 alia
948 2207 1085 2284 correxit,

140 2375 167 2442 1)
187 2373 331 2440 Quaedam
348 2373 411 2444 ipse
430 2373 460 2427 in
479 2373 624 2443 proecdosi
642 2374 697 2429 etsi
711 2373 872 2428 dubitanter
886 2370 986 2443 adieci,
1004 2373 1084 2428 velut

65 2455 100 2510 fr.
120 2459 136 2508 2
155 2453 185 2508 et
203 2459 219 2506 t
238 2453 381 2521 Karsteni;
410 2453 497 2508 etiam
524 2439 668 2508 ex'Olem.
691 2454 897 2522 Alex.,.strom.
921 2451 974 2507 VII
997 2459 1028 2521 4,
1051 2459 1085 2508 22

65 2551 94 2604 p.
114 2539 180 2602 802,
205 2538 221 2588 8
247 2533 338 2603 sylas
366 2551 394 2602 p.
414 2538 465 2588 841
489 2532 565 2588 Pott.
590 2533 752 2604 (Theodora,
776 2532 825 2589 θα.
849 2535 895 2602 aff.
916 2549 973 2589 ονν.
993 2532 1034 2587 ΙΙΙ
1053 2538 1086 2588 ‘12

66 2632 95 2684 p.
109 2619 159 2682 49,
178 2615 223 2683 Ι39)
251 2615 280 2667 et
306 2613 473 2680 Plutarcho,
500 2615 534 2668 de
559 2615 697 2684 τιφτνολι.
720 2619 797 2669 c.13
820 2613 936 2684 p.1‘11R
960 2615 1085 2682 (amator.

68 2710 92 2748 c.
108 2699 151 2762 18,
169 2694 210 2748 Ie.
229 2698 254 2748 et
274 2692 345 2748 Ou'e.
361 2708 384 2749 c.
400 2695 445 2762 ⁷0)
465 2692 592 2749 sillorum
610 2709 705 2749 versus
726 2691 852 2764 exsculpi
869 2710 952 2763 posse
969 2692 1086 2748 credidi.

69 2772 198 2828 barbaris
216 2772 356 2840 quaedam
374 2773 497 2827 numeris
515 2771 631 2827 inclusit
649 2771 798 2841 Boethius,
818 2773 912 2829 Geecb.
931 2775 957 2828 d.
978 2773 1087 2830 utendi.

69 2852 172 2908 Phdos.
191 2851 217 2905 Π
236 2845 267 2906 2²
286 2850 348 2905 adn.
369 2855 431 2904 240.
470 2867 625 2921 anonymus
648 2868 745 2906 censor
764 2851 805 2921 (in
822 2851 953 2906 Zarnclrii
974 2850 1083 2920 epham.

68 2931 125 2987 litt.
145 2935 314 2986 18591148
333 2948 360 3000 p.
381 2933 443 2998 168)
468 2929 639 2986 desideravit
661 2930 747 2985 etiam
767 2929 887 2986 alterum
905 2929 1086 3000 Xenophanis

66 3026 188 3079 versum,
206 3026 290 3080 quem
303 3008 479 3066 Herodianus
492 3027 520 3078 p.
531 3015 583 3063 296
598 3011 627 3064 et
640 3009 727 3064 ceteri
740 3009 777 3062 ad
789 3009 823 3064 fr.
837 3009 877 3064 IV
891 3008 1020 3064 adnotati
1037 3025 1085 3064 au·

67 3093 160 3147 ctores
175 3091 322 3161 proferunt
339 3085 453 3145 ὁππόσα
472 3084 508 3158 δὴ
525 3092 658 3157 θνητοῖσι
675 3084 838 3157 πεφύκασιν
854 3087 981 3158 (siocod.
996 3087 1085 3144 Paris.

68 3170 267 3240 Choerobosci)
292 3165 481 3239 εἰσοράασθαι
505 3166 576 3236 (scil.
595 3167 665 3222 haec
683 3167 816 3223 mortales
835 3167 878 3222 dis
897 3168 1082 3238 adscribunt):

67 3253 159 3318 recte,
179 3250 203 3304 si
220 3250 291 3305 haec
310 3248 351 3304 de.
362 3248 485 3304 Homero
504 3244 682 3315 Hesiodoque
701 3248 769 3301 sunt
786 3245 875 3316 dicta,
896 3247 971 3316 quod
989 3251 1086 3304 tamen

68 3332 222 3400 ignoratur.
450 3371 454 3380 .

63 3454 65 3458 ,
140 3411 167 3477 2)
186 3408 227 3464 ef.
246 3407 434 3480 Egenolffium
459 3408 489 3463 in
512 3407 691 3465 matthan.
711 3405 860 3478 XXXVp.
882 3413 942 3464 100.

141 3490 167 3556 3)
186 3488 304 3557 praefat.
324 3504 350 3557 p.
366 3495 383 3542 6
402 3487 560 3544 coniecerat
578 3487 626 3544 vel
635 3482 836 3562 Ἀριστοφάνει
850 3483 881 3542 ta
895 3485 1107 3556 aeaeae-steca
