2452 3832
490 108 751 175 256-

204 268 238 358 1)
263 273 372 336 Strabo
391 274 463 333 XIV
485 278 512 352 1,
533 275 573 334 28
596 295 625 351 p.
647 276 710 334 643
735 272 863 334 Oasaub.
887 266 994 352 ἄνδρες
1017 269 1159 352 ἐγένοντο

138 366 332 450 Κολοφώνιοι
350 373 410 432 τῶν
433 366 701 450 μνημονευομένων
724 416 731 431 .
751 414 758 430 .
777 417 785 431 .
805 414 812 430 .
831 363 1007 448 Ξενοφάνης
1030 363 1047 431 ὁ
1067 388 1159 448 φυσι-

137 465 200 548 κός,
228 463 244 532 ὃ
271 463 341 542 τοὺς
369 468 485 541 σίλλους
512 463 639 546 ποιήσας
667 461 717 527 διά
739 460 920 546 ποιημάτων.
966 467 1040 528 haec
1062 468 1161 529 verba

135 573 200 629 tam
230 568 391 628 manifesta
419 570 490 626 sunt
518 570 554 626 ut
575 566 652 625 nihil
674 567 772 642 possit
795 583 895 642 supra.
941 565 1036 626 nihilo
1060 567 1160 626 setius

136 667 264 727 Paulius
286 687 315 742 p.
333 667 373 726 18
398 665 467 724 inde
491 668 704 742 argumentum
726 662 818 740 petiit
841 681 901 739 quo
924 663 1011 722 nixus
1031 662 1120 724 sitlos
1141 683 1160 723 a

136 764 320 841 Xenophane
344 763 472 839 scriptos
496 779 559 822 esse
578 765 712 839 negaret,
735 760 965 836 interpretatus:
983 753 1051 837 ‘qui
1070 761 1159 821 sillos

136 863 209 922 fecit
238 881 293 939 per
320 860 528 921 collectionem
557 858 724 918 carminum
751 850 893 934 sparsos’.
944 875 1036 935 quam
1063 858 1159 919 inter-

135 959 338 1038 pretationem
356 958 405 1017 vel
420 976 486 1017 eam
501 957 539 1016 ob
554 973 676 1016 causam
690 955 856 1016 rectissime
870 955 975 1015 reiecit
989 954 1159 1016 Welandus

135 1079 164 1136 p.
181 1059 232 1135 20,
256 1057 309 1134 qui
333 1055 453 1116 omnino
471 1053 705 1132 prudentissime
724 1054 760 1113 de
779 1054 835 1113 hac
854 1054 1031 1132 quaestione
1051 1053 1159 1131 dispu-

133 1153 225 1231 tavit,
249 1152 330 1230 quod
349 1152 374 1211 si
393 1152 466 1212 haec
485 1152 632 1212 voluisset
651 1150 760 1210 Strabo
779 1151 886 1228 dicere,
909 1169 1028 1211 necesse
1047 1151 1161 1211 fuisset

140 1251 178 1310 ad
205 1249 389 1310 vocabulum
416 1241 589 1327 ποιημάτων
612 1247 777 1308 articulum
800 1249 870 1308 addi
878 1241 910 1330 ¹).
957 1252 1030 1308 sunt
1053 1252 1159 1308 autem

137 1347 231 1408 verba
258 1365 327 1406 cum
350 1346 454 1406 codem
478 1345 656 1423 simpliciter
679 1345 867 1422 explicanda:
887 1339 953 1423 ‘qui
976 1346 1049 1405 fecit
1072 1344 1160 1406 sinos

137 1444 275 1504 versibus
303 1436 457 1503 inclusos’.
499 1462 569 1502 nam
592 1435 642 1502 διὰ
665 1437 838 1522 ποιημάτων
860 1443 941 1504 idem
962 1444 1046 1503 valet
1065 1448 1160 1522 atque

139 1538 173 1601 ἕν
196 1538 296 1602 ἔπεσιν
318 1541 337 1600 i.
353 1560 377 1600 e.
397 1533 463 1617 ‘per
485 1531 646 1621 versus’2),
669 1541 758 1600 modo
777 1560 814 1600 ne
838 1559 908 1600 cum
926 1540 1075 1601 Welando
1094 1542 1115 1599 l.
1136 1560 1160 1600 s.

139 1642 272 1717 statuas,
301 1640 367 1699 sola
392 1639 525 1700 carmina
547 1639 729 1698 hexametris
752 1639 880 1699 heroicis
904 1639 1074 1714 conscripta
1097 1638 1160 1698 dici

137 1730 302 1814 ποιήματος
324 1737 357 1794 in
380 1737 636 1813 comparationem
658 1736 756 1814 igitur
773 1737 943 1797 vocandum
961 1735 1108 1813 estquod
1128 1737 1160 1795 in

140 1834 233 1894 simili
256 1834 367 1894 notitia
391 1834 468 1895 dixit
491 1833 600 1893 Strabo
623 1834 695 1894 XIV
715 1836 743 1912 5,
764 1835 783 1894 8
806 1854 835 1910 p.
857 1835 917 1893 671
937 1827 1060 1911 ’Ἀρατος
1084 1824 1100 1892 ὁ
1124 1825 1160 1891 τά

140 1924 309 2008 φαινόμενα
325 1923 331 1976 s
341 1925 516 2011 συγγράψας
547 1927 580 1991 ἒν
612 1929 719 1991 ἔπεσιν.
770 1931 851 2009 quod
881 1931 907 1990 si
935 1929 1003 2007 quis
1031 1934 1161 2007 quaerat

139 2046 193 2087 cur
216 2021 266 2087 διὰ
289 2021 462 2107 ποιημάτων
484 2027 655 2088 addendum
673 2029 824 2098 censuerit
844 2027 952 2088 Strabo
972 2045 1160 2105 quamquam

139 2123 231 2184 σίλλοι
252 2144 307 2200 por
325 2143 356 2185 se
379 2128 495 2185 certum
515 2143 640 2201 poeseos
660 2144 755 2204 genus
774 2125 953 2204 describant,
977 2125 1159 2202 responden-

139 2224 212 2282 dum
238 2227 295 2302 est,
323 2224 355 2284 in
378 2224 444 2302 ipso
466 2224 616 2285 vocabulo
640 2225 739 2284 solum
762 2223 910 2284 irrisionis
933 2225 1036 2282 notam
1060 2223 1160 2282 inesse

142 2313 183 2401 (v.
208 2339 301 2399 supra
323 2343 352 2400 p.
373 2314 407 2403 5)
447 2323 551 2400 itaque
574 2323 748 2398 poeticos·
767 2321 851 2381 sillos
875 2320 1046 2380 accuratius
1070 2320 1162 2380 illum

138 2419 310 2497 significare
333 2421 474 2480 voluisse.

210 2509 244 2597 2)
268 2516 369 2576 Laert.
392 2515 481 2594 Diog.
506 2516 549 2576 IX
574 2517 614 2575 18
647 2511 775 2596 γέγραφε
808 2510 840 2576 δὲ
874 2512 936 2590 [καλ
960 2515 1042 2592 quod
1065 2516 1162 2594 vulgo

213 2702 240 2771 1)
258 2699 336 2756 idem
365 2699 442 2756 cadit
467 2699 498 2756 in
520 2701 755 2772 Bernhardyium‚
784 2702 832 2772 qui
854 2703 916 2758 hist.
942 2702 994 2758 ute.
1015 2700 1066 2756 Gr.
1084 2702 1111 2756 Π
1131 2701 1163 2757 2³

141 2798 169 2850 p.
199 2783 252 2835 548
281 2778 405 2850 scripsit:
435 2775 494 2835 ‘die
521 2781 621 2837 Worte
648 2780 761 2838 mainan
789 2781 875 2838 allein
902 2782 966 2837 den
993 2779 1164 2837 scharfen

140 2858 240 2915 Geist
266 2859 326 2916 der
348 2859 480 2931 Kritik,
507 2861 629 2917 welcher
657 2861 703 2916 die
730 2859 867 2916 Gedichte
894 2861 945 2917 des
968 2859 1163 2931 Philosophen

139 2935 342 2998 bezeichnete.’
388 2941 463 3009 quod
490 2935 529 2998 D
542 2939 634 2997 voluit
661 2941 775 3010 Strabo,
805 2940 903 2997 debuit
930 2940 1023 2996 dicere
1052 2941 1163 3004 σίλλους

140 3019 263 3090 ποιήσας
281 3016 331 3076 διὰ
350 3020 406 3075 τῶν
425 3017 603 3091 corturiacum
623 3021 733 3084 accedit
751 3019 826 3090 qnod
844 3021 903 3076 tale
918 3019 1058 3075 scribendi
1071 3035 1163 3090 genua

141 3115 254 3170 prorsus
271 3100 404 3156 abhorret
418 3115 436 3154 a
449 3102 551 3157 natura
565 3101 807 3159 breviuscularum
819 3097 1018 3173 memoriarum
1033 3098 1070 3153 ad
1083 3099 1163 3155 litte·

141 3195 236 3236 rarum
248 3179 406 3250 artiumque
416 3180 563 3237 historiam
573 3180 771 3253 spectantium,
783 3195 853 3249 quas
864 3179 1039 3250 singularum
1048 3177 1163 3236 urbium

140 3257 323 3329 descriptioni
342 3258 467 3316 subicere
482 3260 554 3316 solet
568 3261 676 3318 Strabo.

212 3339 240 3407 ι)
254 3367 257 3374 ·
269 3337 310 3394 Of.
331 3340 443 3409 praeter
471 3338 543 3395 alios
562 3342 656 3398 Laert.
676 3340 759 3413 Diog.
779 3340 818 3395 IX
838 3345 872 3396 22
901 3339 950 3395 καὶ
972 3333 1060 3402 αὐτὸς
1084 3339 1165 3408 (Par-

134 3417 278 3489 menides)
309 3415 341 3474 oh
370 3417 419 3474 διά
447 3415 612 3492 ποιημάτων
637 3424 794 3490 φιλοσοφεῖ
816 3416 950 3491 καθάπερ
974 3415 1104 3483 Ἡσίοδός
1132 3437 1164 3476 τι

116 3496 173 3549 καλ
186 3495 374 3571 »Ξενοφάνης
393 3500 443 3558 καὶ
462 3497 667 3576 Ἐμπεδοκλῆς.
