2452 3832
463 105 683 169 „73-

66 269 136 328 culo
169 268 345 334 coniunctas
377 286 441 328 esse
474 269 544 328 inde
575 268 744 346 colligitur,
782 268 864 345 quod
899 286 1000 328 omncs
1034 269 1083 329 de·

66 369 205 442 sumptae
237 370 308 426 sunt
340 384 374 424 ex
402 367 626 427 enumeratione
654 365 841 427 diversorum
870 384 945 443 quos
974 366 1084 428 viderit

66 461 172 522 Crates
190 463 440 541 philosophorum
457 462 649 523 institutam
667 460 791 521 Homeri
804 461 936 534 Νεκυίας
955 463 1084 539 speciem

66 557 118 620 καὶ
148 551 209 638 μὴν
237 560 362 622 εἰσεῖδον
389 565 447 622 nrt.
493 564 629 620 tenemus
657 559 754 637 igitur
780 559 924 637 reliquias
953 559 1083 621 Cratetis

66 658 206 718 sillorum
234 658 287 735 qui
313 677 386 718 num
415 676 550 737 unquam
578 674 597 715 a
624 655 776 716 veteribus
802 657 857 716 hoc
880 658 999 718 nomine
1023 659 1084 719 sint

67 755 216 833 appellati
244 773 314 815 sane
342 756 509 834 ignoratur.
556 745 689 812 ‘satiras’
714 773 795 831 vero,
818 754 877 813 nisi
900 756 1001 814 omnia
1027 757 1083 816 fal-

65 853 144 929 lunt,
167 852 221 911 hos
245 851 329 910 sillos
352 851 428 911 dixit
451 852 620 929 Appuleius
645 851 698 928 qui
720 853 833 912 Floria.
853 871 877 910 c.
897 854 937 912 20
952 873 980 928 p.
996 855 1082 930 34,4

65 951 195 1028 Krltger.
228 948 361 1025 scripsit:
399 949 557 1024 Xenophon
589 947 693 1023 (canit)
725 951 875 1018 historiae,
910 950 1085 1010 Xenocrates

66 1051 185 1127 seliros,
207 1047 261 1107 ubi
285 1066 339 1125 pro
362 1033 541 1106 ¹Xenocrates
567 1066 628 1106 non
653 1047 844 1122 Xenophanes
869 1047 949 1124 quod
973 1045 1084 1106 Casan-

67 1147 164 1206 bonus
196 1145 309 1222 voluit,
349 1144 401 1204 sed
432 1143 534 1205 Crates
564 1144 786 1204 restituendiun
819 1163 883 1205 esse
914 1145 1085 1222 nuperrime

67 1243 159 1304 evicit
181 1243 252 1302 Erv.
275 1234 455 1322 Rohdius¹).

135 1340 191 1399 His
222 1339 320 1399 tribus
348 1339 527 1417 fragmentis
555 1339 652 1398 adieci
680 1359 740 1399 non
767 1339 826 1399 nisi
854 1342 1083 1404 cunctabundus

67 1438 129 1498 tria
163 1456 240 1515 qnae
273 1437 410 1514 quamvis
440 1437 557 1513 possint
584 1455 620 1496 ex
646 1438 751 1496 eodem
779 1442 870 1516 atque
897 1441 999 1516 priora
1025 1442 1086 1501 tria

71 1535 250 1613 deprompta
272 1534 376 1594 haberi
399 1535 538 1601 carmine,
561 1538 690 1610 possunt
711 1539 814 1594 tamen
838 1537 942 1596 eodem
966 1539 1032 1598 iure
1050 1559 1086 1598 ex

69 1634 144 1711 ali03
168 1633 220 1694 sed
242 1633 395 1711 singulare
418 1650 527 1708 poema
549 1632 604 1690 hos
627 1650 731 1692 versus
755 1633 834 1692 inter
857 1651 888 1692 se
911 1640 992 1696 certe
1015 1654 1083 1695 con-

69 1731 188 1790 iunctos
211 1730 345 1789 effecisse
368 1729 420 1791 vix
438 1728 623 1788 crediderim.
665 1730 773 1806 quodsi
791 1730 823 1788 in
841 1731 935 1790 tantis
954 1733 1085 1792 tenebris

69 1829 217 1904 suspicari
245 1828 330 1904 licet,
358 1825 490 1886 Cratetis
514 1825 598 1884 sillos
621 1825 666 1884 ita
688 1831 876 1902 comparatos
899 1828 993 1889 firisse
1017 1849 1085 1889 con-

68 1926 172 2003 iciam,
210 1931 247 1985 ut
278 1926 331 1984 ille
363 1928 525 2003 postquam
557 1927 671 1984 ceteras
704 1943 805 1984 omnes
837 1925 1086 2003 philosophorum

70 2028 167 2083 sectas
209 2023 418 2099 descripsisset
457 2026 663 2099 transgressus
704 2025 784 2081 esset
824 2023 862 2081 ad
903 2024 1085 2085 laudandam

67 2121 213 2198 cynicum.

138 2216 265 2276 Accedit
283 2217 362 2275 alter
375 2216 466 2275 Bion
484 2214 709 2291 Borysthenita,
728 2215 814 2275 cuins
834 2217 914 2277 dicta
928 2222 960 2277 et
973 2218 1085 2294 scripta

69 2316 160 2391 plene
188 2314 325 2390 cynioem
352 2331 424 2390 praa
452 2331 483 2372 se
507 2313 585 2371 ferre
608 2311 737 2388 speciem
760 2313 822 2370 iam
845 2331 936 2389 supra
960 2305 1003 2392 (p.
1028 2307 1085 2394 67)

68 2411 144 2470 dixi:
177 2415 208 2472 et
239 2411 300 2470 fere
334 2429 448 2489 omnes,
481 2409 534 2488 qui
566 2413 636 2487 post
667 2427 715 2468 me
750 2409 786 2468 de
813 2409 909 2469 Bione
936 2410 1084 2488 dixenmt,

70 2509 194 2570 eandem
209 2508 389 2568 sententiam
404 2507 536 2585 amplexi
550 2512 634 2568 sunt:
649 2508 777 2587 luceius,
787 2509 931 2586 Rohdius‚
940 2509 1084 2568 Duemm-

69 2608 161 2684 lcrus,
184 2606 334 2667 Himelius
358 2599 454 2688 alii2).
499 2604 530 2664 id
552 2624 648 2666 unum
670 2625 749 2666 nunc
773 2607 860 2685 addo,
883 2627 942 2667 non
963 2611 1044 2667 recta
1067 2625 1085 2666 a

141 2777 167 2842 1)
185 2792 255 2828 mus.
275 2774 364 2830 Rhen.
384 2773 431 2827 XL
449 2792 477 2844 p.
499 2777 550 2827 112
570 2790 610 2841 sq.

140 2857 168 2920 2)
187 2853 308 2922 Rieeius,
322 2853 458 2908 Varronis
473 2854 551 2907 satir.
566 2855 661 2922 reliqu.
677 2873 704 2924 p.
721 2861 750 2921 93
765 2855 900 2923 Rohdius‚
915 2856 964 2911 Gr.
974 2856 1084 2912 Roman

68 2953 96 3004 p.
117 2939 169 2988 250
188 2934 266 2999 adn.;
286 2932 495 2997 Dnemmlems,
513 2931 634 2988 Antisth.
653 2950 680 3002 p.
702 2939 748 2999 ⁷03
768 2932 916 3001 Bucolica,
940 2933 1084 2990 Uetera-11

68 3032 96 3083 p.
113 3018 147 3068 60
162 3013 225 3068 adn.
246 3019 275 3078 23
295 3011 345 3066 sed
362 3011 406 3066 rr.
421 3009 590 3064 Fritaschius
609 3011 646 3065 ad
664 3010 780 3066 Luciani
799 3012 843 3066 sni
861 3012 916 3068 vol
930 3013 957 3066 Π
973 3015 1045 3081 part.
1060 3012 1086 3066 11

68 3091 261 3162 prolegomen
280 3097 330 3158 §h
356 3097 450 3148 ntrnm
473 3088 550 3143 Bion
572 3089 778 3160 Borysthenitee
804 3092 891 3159 facem
916 3092 954 3146 ad
975 3097 1086 3148 animae

69 3173 249 3228 inveniendae
267 3172 401 3241 Menippo
415 3168 581 3240 praetulerit
599 3187 671 3224 anne
689 3169 802 3226 Lucilio
819 3169 861 3226 ita
880 3171 1036 3241 quaesivit,
1054 3174 1086 3227 ut

68 3251 206 3321 quidquid
239 3251 274 3307 de
305 3254 368 3308 toto
400 3250 455 3306 hoc
487 3245 644 3304 litterarum
679 3267 781 3319 genere
809 3251 964 3307 recentiore
992 3254 1086 3308 aetate

67 3332 263 3388 elucubratum
281 3332 319 3386 eit
336 3331 420 3400 plene
439 3330 583 3399 ignorasse
601 3329 737 3386 videatur.
775 3335 899 3386 catarum
913 3331 996 3387 doleo
1011 3334 1084 3401 quod

68 3410 244 3481 Hoogvlietii
263 3411 489 3466 dissertationem
509 3412 542 3468 de
560 3409 650 3466 Btcne
667 3409 796 3482 Borysth.
814 3411 1085 3481 (Lugd.Bat.1821)

66 3491 208 3562 inspicere
227 3508 283 3546 non
301 3489 389 3561 potui.
