2452 3832
194 799 391 872 TIMONIS
421 799 659 873 SILLORVM
687 799 946 884 RELIQVIAE

461 951 557 1006 LIBRI
571 952 679 1042 *Penni
724 981 725 984 =

563 1103 578 1161 I

112 1223 224 1286 ἔσπετε
247 1221 312 1286 νῦν
334 1244 391 1304 μοι
415 1215 489 1286 ὅσοι
512 1217 787 1305 πολυπράγμονές
810 1220 882 1286 ἐστε
903 1224 1071 1305 σοφισταί.

346 1404 467 1446 nomem
488 1404 652 1446 DETORTV!
676 1403 792 1446 VERSVS

138 1507 159 1555 Β
177 1506 229 1556 484
248 1501 284 1557 al.
304 1499 401 1556 ἔσπετε
422 1502 475 1556 νῦν
494 1521 542 1571 μοι
560 1503 676 1556 Μοῦσαι
695 1502 804 1570 (eadem
822 1518 917 1556 verens
937 1502 1013 1570 sede)

134 1687 218 1727 ineo.
242 1668 414 1728 Laertius
437 1667 538 1745 Diog.
561 1667 604 1725 IX
624 1670 687 1726 112
711 1661 785 1745 ἀρχὴ
810 1634 842 1726 δὲ
865 1661 944 1749 αὐτῷ
968 1660 1078 1749 (primo
1143 1656 1146 1663 ’

67 1767 201 1827 Timonis
224 1767 362 1827 sillorum
384 1757 476 1846 libro)
499 1759 566 1843 ἥδε·
590 1762 708 1824 «ἕσπετε
726 1797 771 1805 -
789 1764 954 1842 σοφισταί».

139 1899 236 1956 ἕσπετε
256 1899 375 1970 HPQf,
395 1896 510 1953 ἕσπεται
528 1898 570 1952 B:
590 1897 688 1953 ἕσπετε
708 1899 783 1968 vulg.

134 2086 230 2128 come.
259 2062 370 2141 ἕσπετε,
395 2065 476 2143 quod
495 2058 613 2124 ‘adeste'
637 2064 806 2143 significare
825 2065 995 2144 voluerunt,
1019 2068 1079 2126 tui·

66 2169 118 2224 tus
149 2168 195 2223 est
217 2161 386 2222 Lobeokius
415 2161 454 2220 ed
481 2162 662 2221 Buttmanni
691 2156 850 2235 ‘ausfettrt
873 2158 1020 2237 Soractis
1048 2165 1080 2224 Π

12 2331 19 2346 x
64 2284 94 2339 p.
115 2263 192 2338 1743
216 2260 268 2320 sed
290 2259 388 2319 forme
411 2259 512 2320 notive
535 2258 620 2320 verbi
642 2255 720 2319 ἕσπω
743 2260 832 2336 plene
856 2259 920 2318 sine
944 2261 1079 2336 exemplo

66 2362 125 2435 est3
149 2377 219 2418 nem
239 2358 362 2417 unicum
382 2377 442 2435 quo
460 2357 575 2417 tradito
594 2361 640 2417 est
658 2358 766 2435 locum,
789 2358 890 2434 hymn.
909 2357 1029 2417 Homer.
1049 2358 1080 2416 in

65 2457 183 2515 Lunam
198 2441 341 2536 (XXXH)
360 2477 387 2516 v.
405 2459 421 2514 1
442 2459 523 2515 reete
543 2473 611 2514 oum
628 2455 739 2514 Bothio
758 2455 985 2516 Boumeisterus
1009 2455 1079 2515 edit.

65 2537 99 2610 m¹
117 2553 134 2610 ‘.
157 2573 186 2628 p.
209 2555 272 2612 368
297 2548 394 2612 ἕσπετε
418 2553 588 2614 emendavit
610 2553 642 2610 in
666 2549 771 2612 ἔσπετε.
812 2572 909 2630 neque
929 2552 1010 2629 opud
1031 2553 1079 2611 Ti-

64 2669 114 2708 mo
154 2670 185 2708 m
211 2651 243 2708 in
266 2651 330 2710 ullo
360 2669 450 2726 quem
476 2650 614 2711 novimus
642 2649 743 2710 codiee
770 2650 848 2711 bono
872 2647 970 2710 ἕσπετε
997 2654 1079 2710 oeito

64 2747 238 2808 testimonio
258 2746 460 2806 confirmatur.
490 2748 593 2824 itaque
612 2747 708 2806 setius
727 2748 826 2807 visum
845 2750 892 2806 est
905 2744 1003 2806 ἔσπετε
1017 2751 1079 2806 tre·

66 2844 164 2903 ditum
188 2849 219 2904 et
238 2843 399 2904 Homerica
417 2843 586 2902 imitatione
608 2843 761 2902 munitum
784 2861 911 2903 servare.
936 2875 978 2884 —-
1002 2847 1079 2902 oete·

64 2961 133 3000 rum
155 2961 216 3001 non
235 2941 333 3001 ausim
352 2940 529 3000 contendere
548 2940 580 2998 in
594 2939 718 3000 Homeri
737 2940 871 3016 exemplo
892 2939 972 3016 quod
990 2956 1077 2998 usur·

63 3038 151 3116 pavit
172 3039 280 3098 Timon
302 3038 434 3114 primum
456 3036 568 3096 Iliados
591 3055 711 3098 versum
729 3038 843 3114 pariter
866 3040 957 3114 atque
981 3037 1013 3095 in
1037 3037 1080 3096 eis

65 3154 143 3213 quae
167 3136 253 3196 novit
275 3134 473 3195 Anistoxenus
502 3126 585 3214 (vide
609 3151 701 3210 supra
722 3155 751 3210 p.
776 3137 817 3193 42
842 3135 909 3194 adn.
936 3125 969 3216 1)
992 3135 1080 3193 illum

64 3232 159 3291 fnisse
179 3252 268 3309 quem
291 3233 340 3292 hio
364 3232 517 3292 detoitum
540 3249 603 3292 esse
626 3230 771 3310 videmuS,
791 3250 975 3310 quemquem
992 3231 1081 3291 Arati

65 3331 294 3407 phoenomenon
317 3331 373 3391 hoo
397 3348 517 3407 qnoque
544 3329 732 3407 prooemium
759 3328 913 3389 ferebatur
941 3319 992 3409 (of.
1016 3329 1081 3389 vite

65 3426 156 3486 Amti
179 3426 261 3504 Hp.
285 3429 349 3488 435
373 3418 495 3509 Buhle.)
524 3420 603 3506 ἀμφί
631 3448 680 3506 μοι
706 3420 820 3506 ἠελίοιο
842 3415 1042 3502 nnonntemot'n
1063 3441 1100 3474 xe
