2438 3832
77 126 125 166 nn.
140 123 224 164 xxxx
463 133 504 142 -
554 95 616 160 151
665 131 707 142 -

75 262 127 326 καὶ
150 256 350 343 ἀμετάβλητον
371 256 421 320 καὶ
445 251 564 340 λογικόν
588 259 733 336 explicari
757 261 890 339 epitheta
914 262 1024 340 quibus
1044 263 1095 323 Ti-

75 381 147 424 mon
161 359 356 439 Xenophanis
376 358 466 419 deum
484 355 656 434 descripsit3
674 357 755 419 inter
772 358 846 418 haec
864 380 959 420 unum
978 364 1096 422 certum

75 465 137 539 cst,
170 461 310 519 alterum
333 456 498 535 probabile.
545 458 662 514 certum
695 459 742 516 est
772 457 905 533 primum
938 459 1095 536 epitheton

74 551 156 620 ἶσον
178 549 319 633 άπάνεη
333 556 480 631 'spectare
502 552 541 611 ad
565 552 615 611 dei
638 545 672 633 (i.
692 571 716 612 e.
735 547 855 636 mundi)
882 556 1094 634 conglobatam

73 653 225 734 figurans
243 654 276 713 id
296 652 378 730 quod
396 650 517 728 apertis,
528 649 627 710 verbis
647 649 735 710 docet
750 649 923 728 Simplicius
943 644 989 734 (in
1003 654 1093 732 Phys.

73 776 103 832 p.
120 755 171 830 23,
189 755 228 812 18
244 743 354 832 Diels.)
374 757 516 809 enarrans
535 747 702 807 Alexandii
717 747 961 825 Aphrodisiensie
979 783 1016 791 —
1033 753 1053 811 i.
1069 772 1093 812 e.

77 849 280 926 Theophrasti
294 839 395 928 (phys.
411 847 490 924 opin.
505 846 541 905 fr.
556 846 575 905 5
590 866 619 922 p.
635 847 709 922 481,
731 849 768 904 ll
785 845 892 922 Diels.;
911 847 948 905 cl.
962 846 1092 926 Doxogr.

76 969 104 1026 p.
117 939 196 1028 112)
216 977 253 987 -
271 944 453 1006 sententiam
467 938 688 1021 πεπερασμένον
712 936 744 1002 δὲ
757 939 807 1003 καὶ
822 938 1008 1021 σφαιροειδὲς
1020 938 1092 1006 αὐτὸ

76 1037 124 1127 (τὸ
140 1037 192 1124 Ἕν)
212 1037 262 1104 διὰ
279 1037 312 1104 τό
323 1036 520 1120 ,πανταχόθεν
537 1033 642 1117 ὅμοιον
659 1035 753 1120 λέγειν
768 1031 985 1123 (Ξενοφάνην),
1007 1059 1092 1119 prae·

76 1142 181 1218 sertim
198 1142 273 1200 ''cum
291 1140 416 1200 Sextum
434 1158 470 1199 ex
492 1138 597 1198 eodem
614 1137 692 1199 libro
712 1137 938 1216 Theophrasteo
957 1139 1093 1201 hausisse

75 1244 156 1318 recte
179 1257 278 1315 nuper
302 1238 496 1298 observatum
514 1235 555 1295 sit
573 1227 625 1316 (cf.
642 1235 746 1294 Zeller.
766 1235 835 1295 hist.
852 1236 926 1313 phil.
939 1228 969 1296 1²
982 1258 1010 1314 p.
1027 1240 1091 1299 384

74 1335 295 1413 adnhpDiele.
310 1335 440 1413 Doxogr.
456 1334 523 1394 adn.
538 1333 577 1395 ad
589 1354 618 1409 p.
634 1335 708 1410 481,
723 1325 767 1414 9).
801 1353 872 1413 ergo
891 1336 991 1395 minus
1009 1340 1091 1398 recte

75 1434 336 1494 Zhnmermannus
358 1453 387 1510 p.
413 1434 452 1492 16
469 1450 511 1509 sq.
536 1451 605 1491 cum
626 1430 791 1509 Karsteno,
814 1433 949 1510 Xenoph.
973 1454 1002 1510 p.
1029 1437 1090 1495 119

73 1531 295 1608 aequalitatem
326 1528 375 1590 dei
406 1529 559 1607 intellegit
591 1529 623 1586 in
653 1547 688 1588 eo
716 1530 861 1606 positam,
894 1531 976 1606 quod
1006 1534 1091 1592 totus

74 1629 196 1688 omnino
221 1628 330 1704 cernit,
352 1631 438 1688 totus
461 1625 560 1702 audit,
583 1629 668 1684 totus
692 1626 821 1702 cogitat,
851 1629 888 1685 ut
909 1645 972 1685 nna
995 1627 1090 1688 sitin

72 1745 109 1786 eo
134 1729 166 1785 et
187 1725 324 1803 perfecta
346 1727 474 1784 natusae
503 1723 667 1783 consensio.
713 1726 749 1782 ut
771 1722 869 1800 igitur
891 1727 1008 1783 certum
1029 1726 1090 1801 pri·

71 1842 157 1883 mum
187 1822 321 1882 Timonis
354 1821 511 1898 epitheton
540 1820 637 1898 primo
666 1819 751 1880 Sexti
782 1819 875 1882 verbo
905 1820 1091 1900 σφαιροειδές

72 1921 232 1999 explicari,
255 1921 301 1980 ita
322 1920 479 1997 probabile
502 1922 549 1979 eet
571 1918 610 1978 ad
630 1917 764 1977 Timonis
783 1918 893 1978 ultima
912 1917 1005 1979 verba
1027 1941 1091 1980 νοε-

71 2011 170 2096 pauiu
191 2012 226 2096 ἠὲ
248 2012 347 2096 νόημα
370 2021 506 2094 spectare
531 2016 615 2077 Sexti
643 2016 800 2094 epitheton
822 2011 950 2098 λογικόν.
996 2022 1088 2096 atquc

72 2115 111 2176 de
130 2116 186 2176 deo
205 2116 404 2192 Xenophanes
428 2115 492 2192 ipse
511 2114 587 2174 dixit
606 2106 656 2196 (fr.
677 2115 695 2173 3
714 2106 832 2196 Karai.)
850 2108 913 2175 ἀλλ’
934 2109 1090 2178 ἀπάνευθε

70 2207 179 2274 πόνοιο
199 2206 272 2273 νόον
291 2210 378 2291 φρενὶ
396 2205 492 2272 πάντα
510 2210 672 2290 accubo,
691 2211 891 2290 similiterque
910 2220 1089 2292 conceptum

71 2314 119 2371 est
138 2310 204 2370 eius
223 2309 259 2369 de
279 2311 335 2370 deo
353 2309 501 2387 placitum
519 2309 601 2386 apud
619 2308 776 2370 Laertium
793 2308 882 2388 Diog.
896 2310 940 2368 IX
957 2309 996 2371 19
1016 2305 1090 2391 σόμ-

71 2403 170 2467 πάντά
192 2401 222 2466 ε’
248 2400 324 2468 εἶναι
351 2403 428 2468 νοῦν
454 2403 504 2467 καὶ
534 2400 690 2486 φρόνησιν.
735 2407 804 2466 inde
832 2407 964 2469 efficitur
991 2403 1089 2489 νόημα

70 2524 133 2565 non
155 2523 279 2582 prorsus
303 2504 440 2565 sufficere
465 2505 503 2565 ad
525 2509 669 2566 naturam
691 2505 739 2565 dei
760 2504 996 2586 significandam,
1020 2526 1089 2568 cnm

70 2603 143 2662 huic
166 2603 314 2664 vocabolo
338 2602 463 2664 humani
486 2603 603 2682 aliquid
626 2603 711 2682 insit,
735 2603 809 2664 dens
832 2623 904 2666 vero
923 2606 1088 2666 secundum

69 2700 288 2776 Xenophanem
316 2690 367 2780 (fr.
392 2701 411 2759 5
435 2694 551 2784 Karst.)
575 2695 613 2761 οὔ
634 2723 662 2760 τι
684 2696 774 2779 δόμοις
796 2705 953 2780 θνητοῖσιν
975 2696 1089 2782 ὁμοίιος

68 2791 137 2858 οόιε
156 2789 263 2874 νόημα.
290 2796 395 2874 itaque
413 2796 536 2858 videtur
554 2798 760 2874 comparativo
775 2800 899 2878 adscito,
919 2820 979 2879 quo
994 2803 1087 2863 etiam

68 2895 160 2954 Plato
183 2893 332 2953 Alcibiad.
356 2893 372 2952 I
393 2913 422 2969 p.
448 2887 530 2954 133ὓ
553 2912 627 2953 usus
651 2899 711 2972 est,
740 2898 809 2970 apte
832 2913 851 2953 a
875 2897 999 2956 Timone
1028 2899 1088 2959 dici

68 2991 206 3070 potuisse
237 2992 326 3052 deum
353 2989 592 3068 Xenophaneum
619 3010 683 3052 esse
711 2984 890 3069 νοερότερον
914 2985 951 3069 ἠὲ
978 2983 1087 3071 νόημα,

68 3089 184 3167 quippe
207 3088 295 3172 cuius
317 3106 429 3147 numen
458 3088 644 3167 cogitatione
667 3087 764 3166 magis
789 3093 867 3148 esset
888 3084 1087 3169 πνευματικόν

67 3189 87 3246 i.
108 3206 133 3246 e.
157 3189 222 3246 tam
245 3205 337 3264 snpra
360 3205 479 3246 omnem
501 3186 665 3246 humanam
687 3188 829 3246 naamam
852 3188 967 3248 elatum
989 3193 1026 3250 ut
1048 3210 1086 3250 ne

69 3303 140 3344 cnm
163 3285 346 3361 cogitatione
371 3283 493 3362 quidem
515 3284 605 3361 plane
629 3283 798 3360 comparari
820 3290 930 3361 posset.

136 3380 210 3440 Inde
238 3381 382 3459 profectis
409 3380 513 3440 licebit
540 3381 627 3441 nobis
653 3383 807 3459 postremo
839 3385 944 3461 paullo
973 3386 1085 3447 certius

68 3478 217 3538 indicium
239 3479 373 3554 prolerre
392 3480 428 3538 de
446 3479 552 3538 multis
571 3478 768 3556 coniectums,
789 3480 906 3557 quibus
923 3483 994 3540 sini
1011 3482 1107 3535 bocci
