2454 3840
541 151 578 160 -
630 115 693 178 172
740 150 781 160 -
1045 137 1173 178 maome

156 283 243 344 1850
265 281 347 357 Hp.
374 271 452 360 110)
477 279 540 339 sive
564 295 712 355 scurram3
741 280 833 355 utque
860 277 917 336 λιοο
946 295 1071 354 quoque
1100 289 1173 356 que·

155 379 224 439 δοκε
246 380 278 438 in
302 378 457 437 Socratem
484 375 625 446 παίζοντα
648 369 744 435 πάντα
766 367 819 435 τὸν
839 373 908 453 βίον
932 365 974 455 (v.
998 383 1107 434 comm.
1136 375 1173 434 οδ

154 478 190 535 fr.
205 468 254 558 L),
278 495 369 554 quem
388 476 490 535 Zenon
507 475 677 551 Epicureus
699 478 779 536 teste
804 472 946 533 Cicerone
971 471 1053 532 deor.
1077 473 1172 532 unul

157 576 212 652 34,
237 576 277 635 93
303 575 393 634 latino
416 574 501 632 οονλιο
523 577 607 634 utens
629 590 763 632 εαιντακι
787 573 906 631 ameum
930 571 1027 644 ίιιλωε
1047 571 1173 640 dicebat,-

156 672 208 732 sed
239 671 288 730 hie
321 674 358 730 ut
384 673 466 730 recte
496 669 716 747 interpreutur
745 655 855 729 Sextus
883 667 997 728 dieitur
1023 661 1173 747 ἠθολόγος

156 769 249 830 etium
274 769 364 829 homo
393 768 430 827 de
460 767 566 827 enhieis
590 767 665 827 solis¹
685 766 775 826 rebus
799 767 966 842 disputans,
1013 756 1172 846 (Zimmer-

157 885 301 927 mannum
324 867 343 924 l.
368 883 390 925 s,
414 869 590 925 contremo
613 865 820 942 disputantem
845 879 905 924 nen
930 856 1108 944 assequor.)

517 1148 574 1207 LII
598 1137 809 1230 (51proecd.)

204 1262 248 1344 ὡς
266 1261 445 1332 ἀνέπλαττε
464 1263 610 1332 Πλάτων
630 1261 647 1332 ὁ
667 1264 880 1350 πεπλασμένα
900 1261 1061 1348 θαύματα
1079 1261 1174 1341 είδάς

226 1467 311 1509 ‘rnen
335 1448 545 1510 Athenaeus
564 1448 608 1508 XI
625 1469 654 1525 p.
670 1449 748 1509 505⁰
771 1442 853 1508 άλλοι
877 1443 910 1506 δί
928 1463 1022 1523 φασιν
1047 1439 1087 1518 ὦς
1106 1441 1172 1506 άνα-

158 1539 249 1624 γνούς
279 1540 295 1608 δ
323 1547 450 1628 Γοργίας
481 1540 534 1607 τὸν
561 1537 722 1619 Πλάτωνος
754 1539 894 1626 διάλογον
927 1535 1173 1625 (homonymum)

158 1635 233 1722 πρὸς
255 1638 324 1718 τούς
347 1638 494 1722 παρόντας
513 1636 594 1714 εἶπεν
613 1638 657 1704 ότι
675 1637 766 1706 ου’δὲν
783 1637 896 1704 τούτων
919 1636 986 1702 οότε
1009 1634 1093 1702 εἶπεν
1111 1637 1173 1703 οότε

157 1734 276 1818 ἤκουσε.
313 1735 403 1802 ταύτά
421 1758 495 1819 φασι
513 1739 563 1800 καί
579 1740 722 1801 Φαίδωνα
741 1739 834 1801 εἰπεῖν
854 1731 1022 1818 ἀναγνόντα
1041 1732 1094 1799 τὸν
1111 1735 1174 1816 περὶ

158 1841 268 1916 ψυχῆς.
304 1833 350 1899 διδ
369 1841 465 1910 καλῶς
485 1831 500 1899 δ
518 1839 618 1916 Τίμων
635 1836 703 1918 περί
721 1831 813 1899 αύτοῦ
832 1834 903 1914 ἔφη·
923 1828 985 1908 «ὥς
1001 1867 1040 1877 -
1058 1829 1173 1907 είδάς».

159 1935 333 2017 Παρμενίδῃ
356 1932 410 2015 μὲν
432 1930 488 2016 γάρ
505 1934 555 1995 καί
574 1933 674 1996 ἐλθεῖν
692 1935 733 2008 είς
752 1926 858 2016 λόγους
876 1927 928 1994 τὸν
945 1935 998 1994 τού
1012 1927 1173 2003 Πλάτωνος

159 2026 324 2111 Σωκράτην
347 2026 429 2110 μόλις
451 2025 471 2110 ἡ
494 2026 592 2110 ἡλικία
615 2038 771 2113 συγχωρεῖ,
799 2026 856 2111 ὀὐχ
880 2025 920 2105 ὦς
942 2029 991 2090 καί
1013 2025 1172 2100 τοσούτους

159 2129 252 2191 εἰπεῖν
275 2123 295 2208 ἢ
318 2122 444 2191 άκοῢσαι
472 2125 585 2211 λόγους.
631 2125 662 2191 τά
693 2126 725 2190 δὲ
752 2124 872 2189 πάντων
900 2120 1105 2206 σχετλιώτερον
1127 2123 1174 2186 καλ

160 2220 191 2289 τδ
215 2225 308 2287 εἰπεῖν
331 2221 473 2305 οὐδεμιᾶς
495 2221 720 2307 κατεπειγούσης
738 2227 835 2308 γρείος
854 2219 898 2288 ότι
915 2217 1040 2285 παιδικά
1059 2218 1175 2304 γεγόνοι

159 2327 212 2386 τού
234 2324 427 2404 Παρμενίδου
445 2319 555 2404 Ζήνων
577 2317 593 2386 ὁ
616 2324 735 2403 πολίτης
757 2318 858 2386 αὐτοῦ.
897 2315 1049 2383 άδύνατον
1072 2318 1107 2382 δὲ
1128 2317 1174 2382 καλ

162 2422 296 2500 Φαῖδρον
315 2416 351 2485 ού
366 2417 460 2501 μόνον
477 2416 550 2483 κατδι
564 2417 729 2502 Σωκράτην
752 2415 841 2498 εἶναι,
864 2410 883 2500 ἦ
902 2414 964 2481 πού
981 2441 1013 2499 γε
1036 2417 1087 2479 καλ
1107 2411 1173 2497 ἐρύ-

160 2541 251 2599 μενου
274 2514 365 2581 αὐτοῦ
388 2517 541 2600 γεγονέναι
662 2513 754 2581 πολλά
778 2513 807 2579 δ’
833 2517 892 2579 ἔστι
913 2514 962 2577 καλ
986 2511 1061 2577 όίλλα
1084 2513 1175 2597 λέγειν

160 2613 226 2694 περλ
240 2609 332 2675 αὐτοῦ
348 2614 400 2675 καί
419 2610 572 2676 δεικνύναι
590 2609 629 2690 ὡς
648 2615 763 2677 ἔπλαττε
781 2611 850 2688 τοὺς
869 2608 1037 2693 διαλόγους.
1067 2614 1174 2673 Laer-

160 2712 236 2773 tius
259 2712 361 2790 Diog.
385 2713 432 2773 111
457 2715 497 2772 26
528 2707 601 2774 ἄλλά
628 2712 677 2774 καλ
703 2715 803 2793 Τίμων
831 2706 937 2775 οὑτωσὶ
962 2733 1175 2792 παραγραμμα-

159 2809 246 2883 τίζων
269 2802 377 2871 αὐτόν·
401 2803 463 2884 «ὡς
478 2843 519 2852 -
536 2805 652 2885 είδάς».
690 2804 774 2894 (inde
798 2811 928 2872 Suidus
951 2832 980 2871 v.
1003 2830 1175 2888 παραγρομ

161 2908 299 2988 ματίζων·
334 2908 434 2987 Τίμων
460 2901 566 2970 οὖτωσλ
588 2910 887 2990 παραγραμματίζων·
916 2901 979 2980 λαός
1004 2939 1042 2950 -
1069 2901 1174 2980 ελδάς)

162 3012 193 3067 et
220 3007 425 3083 Hesychius
455 3008 551 3067 Miles,
575 3026 598 3067 ο.
623 3009 663 3068 55
688 3028 716 3085 p.
741 3009 797 3084 45,
823 3009 841 3066 8
869 3007 972 3066 Flaeh.
1000 3003 1052 3066 καλ
1076 3005 1176 3084 Τίμων

160 3105 444 3183 παραγραμματίζων
467 3096 571 3167 αὐτόν·
596 3097 657 3178 «ὡς
678 3135 716 3146 -
736 3095 868 3186 είδάςυ.)

235 3231 391 3290 ἀνέπλαττε
415 3235 535 3294 Πλάτων
559 3234 573 3296 δ
598 3237 699 3293 Nauck
721 3238 751 3293 in
773 3237 953 3293 Meinekiana
976 3236 1043 3292 odie.
1063 3240 1176 3294 Athen:

162 3319 338 3379 άνέπλαττεν
353 3319 368 3379 ὁ
385 3324 504 3382 Πλάτων
520 3327 631 3395 Athen„
645 3321 787 3381 άνὲπλασε
803 3325 923 3380 Πλάτων
937 3325 1030 3380 Laert.
1041 3325 1070 3379 Β
1075 3326 1108 3380 F
1119 3329 1149 3381 ελ
1157 3328 1178 3397 f,

163 3409 249 3480 Suid„
269 3409 403 3482 Heeyeh.,
428 3405 463 3468 ἂν
489 3413 590 3471 ἔπλασε
617 3411 735 3469 Πλάτων
755 3415 846 3469 Luem
866 3413 995 3483 GHQV
1011 3412 1096 3471 vind.
1118 3422 1176 3484 106,

163 3497 321 3586 άνέτιλασοε
342 3499 463 3557 Πλάτων
482 3503 573 3559 Laert.
594 3505 723 3558 Laurent.
743 3507 789 3572 85,
807 3508 837 3570 9,
861 3497 897 3556 άν
917 3499 1037 3557 ἔπλαττε
1057 3502 1178 3561 Πλάτων
