2452 3832
483 121 702 188 ..55-

83 288 239 348 Parisinus
263 289 327 350 466
352 277 411 368 (0)
442 291 473 348 et
500 286 723 350 Laurentianus
746 285 791 344 VI
814 289 832 346 9
858 277 931 367 (G),
962 287 1100 346 nonnihil

83 386 219 446 Venetus
247 385 418 446 Mursianus
443 387 504 446 341
531 376 602 466 (1),
634 383 836 460 nequissimus
867 389 914 445 est
943 385 1099 446 Parisinus

85 486 149 544 467
169 475 239 566 (D)

151 580 207 640 His
239 580 382 657 expositis
411 584 447 640 66
478 579 709 657 colligemus,
743 580 924 656 quibusnam
951 581 983 640 iu
1009 582 1100 644 rebus

10 711 14 714 -
85 678 219 738 Timonis
248 678 385 738 sillorum
407 682 548 738 66666661
569 676 700 753 positam
723 695 788 736 esse
811 677 987 756 viderimus,
1016 680 1099 740 sillos

85 775 218 836 dicemus
250 776 383 836 carmina
419 773 568 834 dideotiou
600 773 710 852 quibus
742 771 912 853 δογματικοὶ
937 776 1099 853 preeoipue

83 873 256 950 philosophi
283 873 410 932 heroiois
437 871 573 932 versibus
600 889 637 930 ex
660 869 791 932 Homero
810 872 988 950 plexumque
1010 892 1099 949 paro-

86 970 150 1030 diee
174 970 300 1030 detortis
323 969 577 1046 perstringuntur.

153 1067 297 1128 Sillorum
321 1071 424 1128 autem
446 1067 545 1144 poesis
564 1085 624 1126 non
642 1065 710 1126 1666
729 1066 767 1125 66
787 1065 977 1128 incunabulis
996 1068 1099 1127 multi·
1165 1094 1166 1098 ¹

83 1164 157 1242 plioi
175 1165 229 1224 illo
248 1165 320 1225 flore
339 1169 446 1224 616666
459 1164 520 1224 fuit
534 1183 594 1241 quo
609 1164 768 1226 Timoneos
782 1165 938 1240 splendere
953 1165 1099 1245 videmus,

85 1261 138 1323 666
161 1262 199 1321 66
222 1262 331 1340 exiguo
353 1261 441 1322 initio
464 1261 613 1338 paulatim
636 1261 827 1322 incrementis
849 1263 984 1340 undique
1003 1265 1099 1340 ouptis

85 1358 124 1419 66
138 1377 289 1418 summum
301 1359 495 1436 perfectiouis
508 1359 668 1436 festigium
680 1359 835 1435 prooessit.
865 1360 982 1438 etenim,
1000 1363 1101 1438 quoad

85 1457 178 1518 etiem
206 1475 286 1518 nune
313 1475 491 1535 eognoseere
519 1456 603 1532 11666,
631 1457 663 1514 16
689 1455 795 1532 primis
822 1455 1013 1517 16666666116
1039 1459 1101 1520 61111

85 1553 162 1612 nihil
189 1554 403 1616 continuerunt
429 1554 487 1614 nisi
509 1553 679 1614 irrisionem
702 1553 888 1632 δογματικῶν
910 1556 1100 1632 quorundam

84 1651 233 1712 inclusam
259 1652 395 1712 versibus
418 1651 546 1712 heroiois
569 1670 605 1711 ex
627 1649 758 1711 Homero
782 1669 870 1727 saepe
894 1651 1028 1729 deflexis,
1056 1652 1099 1712 61-

86 1748 195 1809 6666161
212 1749 260 1808 1111
277 1753 398 1810 tentum
415 1767 513 1828 neque
532 1749 667 1808 iocorum
685 1747 818 1810 1666666
835 1747 983 1808 verietate
1002 1768 1100 1826 neque

85 1847 170 1923 epioe
188 1846 303 1907 virtute
322 1848 511 1906 excellentes.
547 1847 624 1905 66166
644 1847 724 1905 eerte
739 1845 823 1905 sillos
837 1845 1100 1922 persuasissimum

86 1942 182 2004 habeo
210 1943 305 2004 fuisse
333 1943 411 2020 6166,
440 1961 530 2020 quem
556 1942 688 2018 primum
714 1943 746 2000 in
769 1943 825 2002 hue
848 1943 932 2019 poesi
954 1943 1099 2020 polluisse

86 2040 235 2101 traditum
258 2044 316 2116 est,
340 2039 532 2116 Xenophonis
556 2037 743 2114 Colophonii.

152 2137 398 2213 Xenophanes·
419 2133 669 2212 Colophonius
701 2139 805 2196 utrum
833 2136 918 2198 611166
947 2139 1100 2216 scripserit

87 2254 126 2295 66
144 2252 204 2293 666
222 2233 365 2301 diusmo
383 2234 576 2311 multumque
594 2235 685 2312 longo
705 2253 740 2292 ex
758 2238 892 2310 tempore
911 2235 1101 2312 disputatum

7 2373 8 2378 κ
86 2335 147 2408 est3
179 2331 231 2392 sed
263 2334 299 2391 ut
330 2331 396 2390 fieri
423 2332 501 2396 solet
529 2331 736 2410 quaestionem
761 2349 809 2389 me
836 2330 934 2390 166166
962 2350 1022 2392 666
1049 2333 1100 2393 66-

86 2429 210 2490 modum
233 2428 409 2506 impeditem
431 2430 529 2508 magis
551 2429 708 2507 magisque
731 2429 962 2506 exagitaverunt
984 2433 1016 2488 et
1034 2449 1100 2506 per·

84 2527 287 2588 turbaverunt
314 2528 372 2590 viri
395 2528 499 2608 66661,
518 2546 647 2606 quorum
670 2526 806 2605 singulos
829 2544 944 2587 errores
967 2526 1100 2587 refutare

86 2642 342 2701 superveesneum
365 2617 511 2706 oense01).
554 2625 606 2686 sed
628 2625 660 2684 in
682 2623 762 2684 idem
785 2625 897 2684 erimen
916 2644 954 2683 ne
972 2625 1037 2702 ipse
1055 2625 1100 2685 in-

88 2721 198 2800 616661,
235 2722 371 2799 singulos
408 2723 490 2782 looos
523 2723 633 2800 quibus
665 2722 863 2798 Xenophanes
895 2721 1100 2802 sillographus

85 2823 337 2878 commemoretur
359 2819 498 2896 deinceps
519 2820 671 2896 proferam
695 2823 726 2879 et
748 2818 932 2879 examinabo.

86 3039 218 3110 domium,
237 3038 486 3096 Frendenthulium
505 3039 539 3095 66
552 3038 606 3103 huo
621 3038 784 3108 quaestione
803 3037 947 3094 subtiliter
965 3041 995 3097 et
1012 3039 1098 3110 plene

85 3119 271 3190 probabiliter
289 3119 488 3190 disputantem.

160 3203 186 3267 1)
219 3199 259 3256 Of.
289 3199 484 3266 6666666666,
515 3198 549 3253 clo
581 3198 659 3252 6616.
683 3213 757 3266 poce.
785 3216 813 3268 p.
832 3203 884 3265 233
907 3215 947 3268 sq.
989 3199 1098 3269 166616,

87 3279 246 3348 Fabricius,
265 3281 330 3335 bibl.
349 3279 398 3335 Gr.
416 3276 481 3333 libr.
495 3275 521 3330 lI
540 3291 563 3330 o.
578 3281 622 3344 23,
640 3277 695 3332 vol.
710 3277 724 3332 1
741 3295 768 3346 p.
784 3276 857 3344 ⁷9⁷³,
882 3275 1100 3348 6661166616166,

85 3359 217 3418 1161666.
238 3357 332 3415 66666.
350 3359 377 3415 d.
398 3358 504 3414 Philus.
522 3356 589 3412 1666.
610 3362 625 3411 7
644 3373 671 3424 p.
692 3361 707 3410 1
727 3373 781 3425 sq.,
808 3355 938 3426 Psulins,
974 3357 1101 3414 66661116

86 3456 113 3508 p.
136 3443 169 3494 16
193 3456 268 3508 sqq.,
295 3437 473 3506 6616666166,
501 3437 663 3506 Xenophon.
687 3453 715 3506 p.
735 3441 768 3492 23
788 3453 845 3506 su,
872 3437 1043 3500 Welundus„
1068 3438 1103 3490 66

86 3517 169 3575 Hom.
183 3518 284 3588 pared.
303 3533 354 3572 sor.
372 3535 400 3588 p.
422 3523 455 3572 16
474 3534 544 3588 sqq„
564 3515 624 3576 uli‘u
