2454 3840
69 165 224 206 ra1-111
459 177 500 185 —
548 140 612 205 195
658 175 700 185 -

70 298 198 382 (anthol.
227 306 324 366 Palat.
348 306 408 365 VTI
432 297 511 386 460)
549 307 598 364 vel
635 309 721 365 sutor
756 307 809 365 ille
846 325 963 384 pauper
994 327 1083 385 quem

69 404 101 462 in
134 403 251 464 duobus
284 405 414 481 dialogis
444 396 578 484 (cataplo
606 407 637 463 et
660 395 758 485 gallo)
785 405 983 480 prodeuntem
1010 406 1085 488 facit

68 500 229 562 Lucienus.
280 521 340 579 quo
371 520 443 562 vero
475 501 600 562 consilio
627 501 788 562 Μίκκαλον
820 504 969 563 musicum
1001 503 1084 580 apud

68 597 195 659 Aristct.
218 599 306 659 Anal.
330 619 374 676 pr.
398 600 413 658 1
438 601 478 658 33
503 603 770 660 commemoratum
792 600 942 680 Bergkius
965 602 1004 661 ad
1026 602 1083 661 hcc

67 699 103 756 fr.
128 698 243 776 afferat,
266 716 315 757 me
337 699 423 759 latet.
448 729 489 738 -·-
513 698 622 776 quodsi
647 698 778 759 coniciet
800 699 925 778 aliquis,
953 719 990 759 ne
1013 719 1081 776 pro-

67 795 170 871 prium
199 795 320 872 quidem
348 815 456 856 nomen
483 813 547 856 esse
570 790 732 858 Μιτκύλον
760 798 812 856 sed
840 797 1024 857 adiectivum
1052 801 1083 855 et

67 893 99 952 in
132 893 230 954 altera
262 912 340 972 quae
366 913 446 954 nunc
475 895 559 956 deest
585 898 672 970 parte
688 895 867 956 hexametri
894 894 1082 955 intercidisse

67 991 197 1052 nominis
224 991 489 1071 significationem,
520 992 761 1069 respondendum
788 997 836 1054 est
863 997 894 1052 st
921 985 1024 1068 μικτὸς
1051 995 1083 1050 et

68 1083 208 1166 μιναύλος
230 1090 349 1151 doricae
373 1091 472 1149 solum
495 1093 644 1168 quantum
667 1091 796 1150 sciamus
820 1109 883 1150 esse
907 1090 1037 1149 dialecti.

135 1187 180 1245 Da
204 1189 343 1267 genetivo
367 1189 513 1266 partitive
537 1185 623 1266 ἐρίων
646 1189 682 1246 cf.
704 1208 785 1265 quae
808 1189 976 1248 Meinekius
1001 1186 1082 1248 (lom.

69 1283 119 1344 Gr.
143 1285 175 1343 II
196 1307 225 1362 p.
251 1289 312 1346 271
339 1287 515 1364 disputavit.

447 1641 494 1699 ΠΙ
518 1633 552 1720 (5
577 1634 703 1723 Bergk.)

148 1756 310 1823 Φλιάσιόν
334 1754 364 1821 τ’
387 1754 633 1842 Ἀσκληπιάδην
658 1755 714 1823 καὶ
737 1758 864 1842 ταῦρον
885 1751 1020 1844 Ἐρετρῆ

67 1879 281 1890 ω-ὴ-Ἥο-

136 1957 221 2000 rnen.
258 1940 428 2001 Laertius
451 1940 553 2019 Dicg.
577 1941 609 1999 Π
634 1943 695 2001 126
720 1939 856 2017 φαίνεται
879 1934 917 2018 δὴ
943 1933 958 2001 ὃ
981 1938 1082 2000 Μενέ-

67 2038 162 2116 δημος
185 2031 290 2116 σεμνὸς
312 2038 421 2110 ἱκανῶς
444 2036 595 2119 γενέσθαι·
618 2032 693 2100 ὅθεν
711 2031 802 2101 αὐτὸν
819 2032 939 2120 Κράτης
958 2030 1083 2119 (σωκρά-

65 2159 119 2214 της
147 2128 187 2218 V)
219 2135 369 2219 παρῳδῶν
400 2149 487 2214 φησι·
525 2128 691 2196 «Φλιάσιόν
725 2167 767 2176 -
797 2129 946 2215 Ἐρετρῆ».
998 2127 1081 2216 (He-

66 2236 216 2313 sychius
230 2235 333 2306 Mile.
348 2237 390 2294 44
405 2256 434 2311 p.
451 2236 492 2294 35
506 2233 609 2293 Flach.
626 2221 666 2310 ἦν
688 2228 722 2292 δὲ
744 2226 849 2311 σεμνὸς
867 2233 986 2310 ἱκανῶς,
1008 2227 1094 2296 ὅθεν.

69 2327 161 2394 αὐτὸν
183 2327 303 2413 Κράτης
324 2331 474 2415 παρῳδῶν
498 2345 583 2410 φησι·
608 2326 774 2391 «Φλιάσιον
797 2363 838 2372 -—
858 2323 1024 2412 Ἐρετρῆν.)

143 2447 291 2522 &laederes
309 2466 509 2535 Wilamowita‚
528 2466 682 2536 Antipcrrca
699 2483 727 2534 p.
747 2471 794 2532 963
815 2463 955 2518 Φλνάσιον
973 2465 1084 2533 Rceper

65 2554 165 2624 philol.
185 2555 224 2608 IX
245 2573 272 2625 p.
293 2560 326 2611 18
343 2556 347 2626 Ι
362 2574 392 2618 τε
412 2555 440 2608 Β
460 2557 464 2624 Ι
484 2555 592 2624 γαῦρον
613 2551 654 2608 Fl.
675 2552 851 2608 Christianus
874 2553 910 2607 ad
933 2553 1055 2623 Hesych.
1076 2552 1080 2623 Ι

64 2639 179 2711 Ἐρετρῆ
199 2644 305 2712 Bergk:
322 2637 454 2712 Ἐρέτρην
473 2641 539 2696 libri

112 2827 208 2869 coum
223 2808 318 2868 Arete
326 2809 535 2870 familiaritate
543 2813 672 2870 fortasse
682 2812 731 2872 vel
741 2829 841 2870 amore
853 2801 1080 2890 (Laomvrer)

64 2911 145 2970 inter
158 2925 190 2967 se
205 2907 357 2967 coniuncti
372 2907 461 2966 amici
470 2905 665 2984 Asclepiades
679 2907 830 2968 Phliasius
845 2911 877 2966 et
885 2906 1078 2965 Menedemus

64 3005 247 3066 Eretriensis
258 2996 381 3086 (Athen.
390 3003 434 3062 IV
443 3025 471 3080 p.
481 3008 494 3062 1
503 3006 572 3074 68³3
587 3004 687 3064 Laert.
697 3004 823 3082 Diog.H
835 3006 905 3063 129.
917 3005 988 3062 131.
1002 2993 1080 3082 132)

66 3103 212 3181 Stilpcnis
241 3102 382 3179 discipuli
405 3093 520 3183 (Laert.
538 3102 570 3161 II
589 3094 668 3183 126)
691 3120 752 3162 unc
776 3121 867 3164 versu
889 3100 1080 3178 comprehen-

65 3203 181 3262 duntur
212 3219 231 3259 a
259 3199 380 3260 Oratete
413 3186 547 3277 aequali,
580 3202 684 3260 contra
716 3220 806 3279 quem
830 3233 871 3240 -
896 3199 922 3259 si
951 3198 1079 3258 narrati·

63 3299 185 3358 unculis
209 3298 328 3358 credere
350 3297 423 3357 licet
440 3329 477 3338 —
494 3296 688 3357 Menedemus
712 3299 758 3358 bis
782 3298 855 3358 satis
876 3299 996 3358 inimice
1016 3296 1080 3372 egit

65 3389 118 3478 (cf.
145 3397 245 3455 Laert.
273 3396 317 3454 VI
347 3399 402 3473 913
439 3396 470 3454 Π
504 3386 591 3476 131).
651 3393 792 3456 Ceterum
827 3397 906 3454 male
941 3397 1079 3470 correpta

63 3495 161 3554 altera
185 3493 303 3571 syllaba
326 3496 357 3556 in
372 3488 534 3554 Φλιάσιον.

465 3640 678 3652 „w
865 3615 920 3672 13*
