2452 3832
526 91 798 168 —3s-,

128 263 239 334 ponere
272 273 374 328 omnes
406 250 678 337 πεπαρῳδημένους
710 273 828 333 versuS,
849 254 915 320 'sed
942 254 1048 315 curavi
1076 254 1150 314 sub-

128 354 262 414 iciendos
285 353 430 431 singulos,
445 352 574 431 siugulis
595 353 746 430 Timeneis
769 352 919 430 versibus,
944 370 1004 430 qua
1027 353 1149 412 ratione

129 467 217 526 spero
240 450 311 510 fore
327 453 364 510 ut
386 449 485 510 faceta
508 450 755 528 acuminasaepe
778 451 834 514 hac
851 449 1045 526 potissimum
1062 449 1096 508 in
1115 470 1150 510 re

129 537 230 624 posita
266 547 453 614 commodius
490 550 521 607 et
554 547 676 624 planius
706 548 934 626 intellegantur.
979 545 1150 608 Homerum

129 649 233 704 autem
256 663 385 723 eumque
409 646 508 704 solnm
531 664 550 704 a
571 645 696 722 Timone
718 645 883 726 παρῳδίαις
905 663 969 705 esse
989 643 1150 705 detortum

128 760 190 801 non
208 745 255 802 est
272 760 327 802 cur
339 741 465 802 mireris.
493 760 623 819 namque
637 742 770 822 Homeri,
789 742 956 804 communis
973 742 1150 803 litterarum

128 838 231 917 fontis,
250 858 360 900 versus
369 843 401 900 et
414 839 567 920 laudando
587 843 618 904 et
631 839 815 900 deflectendo
829 843 861 900 et
873 839 906 900 in
919 838 1149 902 sermocinando

130 939 160 996 et
177 937 210 995 in
228 937 385 1002 scribendo
404 938 614 1002 lubentissime
631 921 815 1004 adhibebant
832 956 905 1018 oum
921 955 1030 998 omnes:
1040 935 1151 996 Graeci

129 1033 183 1109 qui
205 1034 384 1095 totocorde
407 1034 574 1098 Homerum
597 1053 615 1094 a
637 1035 739 1112 pueris
763 1039 932 1112 noscerent,
952 1038 1027 1094 tum
1048 1033 1149 1110 philo-

129 1131 217 1207 sophi
236 1131 355 1209 quibns‘
366 1132 632 1196 omnino-maxime
650 1132 768 1208 placuit
785 1132 818 1192 in
836 1132 946 1194 scholis
965 1131 1150 1209 scriptisque

129 1228 261 1288 orationi
276 1245 387 1290 *versus
411 1229 591 1306 immiscere,
621 1231 658 1288 ut
682 1228 820 1293 Socrates
844 1220 950 1310 (spuet
964 1220 1149 1308 Platonem),

128 1325 219 1386 Plato
243 1317 295 1407 (cf,
309 1325 342 1385 L.
357 1325 489 1390 D-„ffls
514 1331 683 1410 cunctaque
707 1327 810 1403 ipsius¹
823 1319 963 1407 scupis),
978 1325 1150 1402 Diogenes,

129 1421 243 1501 Crates,
262 1423 349 1502 Bion,
368 1424 529 1502 Menippus
548 1417 600 1507 (de
621 1425 731 1502 quihus
749 1429 820 1503 post
838 1417 960 1505 dicem),
979 1421 1150 1483 Carneades

129 1511 181 1601 (cf.
205 1521 238 1581 L.
261 1520 298 1580 D.
321 1521 366 1580 IV
386 1514 458 1604 64),
481 1521 607 1582 Ariston
631 1514 683 1604 (cf.
706 1523 740 1584 L.
763 1522 800 1582 D.
824 1522 867 1581 IV
892 1513 970 1603 33),
986 1519 1150 1580 Cleanthes

129 1608 181 1699 (cf.
205 1619 238 1686 L,
261 1618 298 1678 D.
321 1619 382 1679 VII
407 1612 499 1702 172),
529 1620 667 1697 inprimis
699 1623 803 1681 autem
836 1618 970 1680 Timonis
1001 1617 1152 1695 magister

128 1715 266 1793 Pyrrhon
285 1717 384 1794 quode
403 1735 496 1794 supra
515 1710 559 1800 (p.
577 1710 633 1799 16)
652 1718 731 1780 dixi„
755 1717 823 1778 inde
843 1716 936 1780 etiem
958 1716 1074 1778 fectum
1094 1719 1150 1793 est,

128 1817 165 1874 ut
184 1815 332 1891 >permulti
355 1815 484 1894 singulis
510 1814 867 1900 carminibuspcrodicis
890 1814 979 1874 illum
1002 1812 1150 1892 caprime-

128 1915 204 1989 rent,
224 1912 340 1989 quade
363 1933 397 1973 re
418 1931 456 1972 ne
479 1912 619 1990 pluribus
642 1912 860 1994 deputandum
878 1909 1079 1974 sitcffectum
1102 1914 1151 1970 est

129 2011 233 2088 sagaci
255 2010 292 2074 A.
315 2011 457 2072 Welandi
480 2010 693 2072 dissertatione
705 2012 748 2070 'tte
764 2010 936 2092 praecipuis
954 2009 1059 2082 pared.
1084 2007 1151 2067 Ho-

128 2110 225 2168 meris.
248 2109 438 2181 scriptoribus
461 2125 508 2183 ap.
530 2107 582 2172 ar.
607 2100 759 2190 (Gotting.
781 2098 891 2187 1833).

196 2203 357 2267 Praeterea
379 2206 482 2284 opicae
502 2205 651 2284 quaedam
669 2205 830 2281 dictiones,
855 2203 959 2280 quales
978 2205 1051 2263 sunt
1069 2193 1152 2280 ὁμῶς

129 2295 242 2377 ἄφατοί
261 2303 405 2380 repom!
424 2324 454 2364 re
477 2295 528 2386 (fr.
543 2295 673 2384 XXXII)
696 2303 746 2363 vel
767 2294 835 2361 κάκ’
861 2297 991 2380 ἐλέγχεα,
1014 2295 1152 2379 γαστέρες

129 2391 264 2482 eiov'(ir.
279 2393 425 2483 XXXIII)
444 2402 494 2462 vel
512 2393 579 2462 loeo
593 2394 713 2480 4ἁπάντῃ
733 2390 784 2480 (ir.
797 2391 924 2481 XXXX)
946 2416 982 2458 ex
995 2395 1152 2458 Hesiodi

130 2498 313 2558 carminibus
351 2490 414 2579 (op.
444 2503 470 2558 et
496 2500 535 2560 di.
565 2500 598 2575 33
630 2498 717 2572 theco.
747 2497 802 2574 263
830 2487 916 2577 524)
954 2495 1151 2572 depromptae

130 2596 253 2672 quidem
276 2599 348 2654 sunt
370 2595 423 2654 sed
445 2595 570 2654 minime
592 2594 731 2654 deflexae.

190 2693 334 2752 Fuerunt
357 2691 492 2770 quidem,
516 2692 569 2768 qui
590 2695 713 2769 praeter
729 2689 904 2750 Homericos
927 2707 1032 2750 versus
1056 2689 1153 2750 etiam

130 2789 224 2849 elios
248 2789 383 2848 detortos
408 2789 718 2866 essecontenderent,
742 2788 828 2849 velut
846 2786 992 2864 tragicos,
1015 2785 1048 2844 id
1067 2787 1153 2862 quod

130 2887 302 2968 Drydenius
330 2875 455 2964 putavit
476 2886 507 2946 in
530 2886 782 2947 commentatione
806 2883 842 2958 de
866 2884 973 2961 satira,
1002 2881 1153 2960 Angiicae

130 2986 285 3062 Iuvenalis
304 2969 740 3062 interpretationi-praemissa,
752 2983 846 3054 ¹cuins
860 2985 962 3041 tamen
982 2981 1153 3048 sententiae

130 3103 228 3161 neque
247 3084 348 3144 ullum
365 3081 576 3144 testimonium
594 3082 702 3154 attulit
719 3099 817 3158 neque
841 3079 947 3140 afferre
965 3077 1077 3155 potuit,
1100 3081 1150 3138 vel

130 3180 332 3257 Empedoclis,
343 3179 505 3258 Theocriti,
521 3177 662 3240 carminis
677 3178 761 3239 aurei
774 3195 889 3254 versus,
905 3195 1035 3254 quorum
1048 3175 1153 3258 imita-

131 3278 337 3354 tionisnnper
352 3280 453 3337 extare
467 3276 525 3336 sibi
543 3277 696 3356 persuasit
707 3274 900 3352 Mullachius,
919 3277 1027 3348 quaest
1041 3271 1153 3347 nepe-

131 3375 202 3437 doct.
226 3375 272 3454 H,
295 3396 323 3452 p.
349 3375 389 3434 29
406 3392 449 3452 sq.
472 3376 619 3435 nonnulla
640 3374 834 3449 documenta,
863 3371 1026 3449 quaesere
1050 3371 1154 3430 omnis

108 3469 158 3524 ita
183 3476 367 3548 comparata
391 3476 479 3554 sunt,
506 3476 542 3534 ut
567 3473 594 3534 si
615 3471 693 3533 tatia
716 3489 786 3530 cum
802 3468 953 3529 'dimensis
977 3469 1154 3544 conspirare
