2454 3840
522 138 563 146 -
613 101 676 166 130
722 137 762 146 -
1026 111 1155 166 merome

134 267 237 344 nibue3
260 268 291 326 in
309 266 466 343 proecdosi
484 266 577 327 verbe
596 257 720 336 εἰκάζων
737 285 763 324 τι
784 260 880 336 θέλεις
899 264 938 322 ed
958 262 1068 323 Geloni
1088 283 1156 324 ore·

132 366 249 424 tionem
275 369 427 424 traxeram
455 368 487 424 et
508 382 563 441 pro
587 362 616 422 τί
636 358 746 434 bilem
772 362 950 439 scripseram
974 383 1001 420 τι
1024 365 1156 439 θυηλαῖς

136 461 185 522 vel
216 483 243 520 τι
272 461 400 533 θυσίαις.
447 460 625 520 crediderim
652 477 723 520 vero
751 460 825 520 heco
854 461 914 520 dici
940 460 972 518 in
1000 461 1156 538 colloquio

136 558 267 636 quodem
286 561 390 617 contre
408 557 622 634 philosophum
642 557 792 634 quendem
807 557 861 634 qui
875 557 1156 634 comparationibus

136 660 167 716 et
184 655 368 735 imaginibus
388 654 435 714 uti
454 655 563 714 solitus
583 655 635 714 sit:
660 655 741 732 quod
759 655 785 714 si
803 659 885 714 recte
904 655 1019 714 conieci
1038 654 1156 730 primo

136 754 231 816 libro
254 755 310 814 hoc
333 754 538 831 fragmentum
560 752 760 829 probabiliter
782 752 938 812 tribuitur.

538 944 754 954 ---·—-—---.-

113 1205 114 1208 Ἴ
181 1223 237 1292 καὶ
255 1223 309 1308 σά,
324 1221 482 1292 Πλάτων·
506 1222 562 1289 καὶ
579 1221 643 1311 γάρ
663 1242 700 1290 σε
718 1226 901 1309 μαθητείης
919 1219 1030 1300 πόθος
1050 1225 1159 1309 ἔσχεν,

182 1333 317 1397 πολλῶν
341 1327 374 1396 c’
402 1325 573 1416 ἀργυρίων
598 1327 717 1415 ὀλίγην
739 1325 885 1415 ἠλλάξαο
909 1333 1046 1414 βίβλον·

182 1439 286 1503 ἔνθεν
309 1431 541 1522 ἀπαρχόμενος
562 1446 820 1522 τιμαιονραφείν
845 1432 1037 1521 ἐδιδάχθης.

205 1650 290 1691 rnen.
316 1629 459 1691 Gellius
477 1631 565 1690 Noct.
584 1628 649 1689 Ate.
666 1628 713 1687 ΙΠ
734 1631 784 1706 17,
805 1630 825 1688 4
844 1645 886 1706 sq.
909 1626 1010 1705 Τίμων
1035 1647 1158 1690 amaru·

138 1731 232 1790 lenius
257 1731 364 1789 librum
385 1729 688 1789 maledicentissimum
710 1728 892 1800 mmmmm,
921 1728 970 1800 qm'
993 1724 1091 1799 σίλλος
1114 1730 1160 1788 m·

138 1829 281 1887 scribitur.
330 1829 364 1887 iu
395 1843 426 1886 ec
454 1828 527 1886 libro
554 1825 706 1885 Plctcucm
727 1823 931 1898 philosophum
958 1825 1160 1886 contumeliose

137 1925 273 2000 appellat,
292 1926 367 1998 quod
384 1926 513 1999 ν’ννηνοοοο
525 1925 622 1997 pretio
641 1923 749 1982 ίίονωνι
761 1921 971 1996 Ρηίίιαρονίααο
986 1921 1160 1996 diruptione

138 2024 250 2082 coesset
281 2038 369 2094 ααηαε
401 2038 432 2080 eo
461 2021 613 2080 Τίωοωνω
644 2019 768 2079 neodem
798 2019 882 2078 libum
913 2018 1062 2092 άίοίομνωι
1093 2035 1160 2079 ccu-

139 2121 269 2178 ornasset.
306 2135 408 2178 cereus
430 2135 518 2192 cuper
541 2133 575 2177 ea
596 2133 629 2176 rc
654 2116 788 2193 Τίμωνος
810 2117 840 2176 bi
861 2119 943 2174 eruet:
967 2112 1039 2174 «eol
1058 2109 1095 2176 σά
1116 2150 1159 2158 -

137 2205 331 2293 ἐδιδάχθης».
372 2215 598 2275 lamblichus
627 2214 665 2272 ed
687 2213 865 2273 Nicomachi
893 2213 1012 2272 arithm.
1036 2234 1065 2290 p.
1093 2219 1158 2276 148

138 2316 183 2376 cd.
208 2314 334 2374 Tennul.
361 2311 482 2391 Τίμαιος
511 2306 540 2373 δ’
566 2297 623 2373 οὖν
648 2305 665 2372 ὁ
688 2304 807 2388 Λοκρὸς
830 2308 863 2370 ἐν
885 2312 924 2393 τῷ
947 2307 1013 2390 περὶ
1037 2304 1160 2387 φάσεως

136 2405 251 2489 κόσμου
278 2407 328 2470 καὶ
355 2412 467 2489 ψυχᾶς·
491 2402 546 2485 ἀφ’
573 2397 665 2488 οὗπερ
693 2403 911 2484 ἕῳοὸιασθέντα
934 2400 1083 2467 Πλάτωνα
1106 2403 1160 2469 τὸν

139 2502 189 2569 διὰ
212 2510 297 2568 τοῦτο
321 2500 500 2585 φερώνυμον
526 2505 650 2582 Τίμαιον
677 2499 817 2578 συντάξαι
843 2500 990 2584 λέγουσιν,
1013 2492 1056 2564 ὧν
1080 2502 1161 2566 ἐστιν

137 2601 186 2664 καὶ
215 2597 231 2664 ὁ
258 2597 328 2675 τοὺς
358 2602 474 2673 σίλλους
496 2595 623 2678 ποιήσας
648 2601 749 2679 Τίμων
771 2599 865 2682 λέγων
888 2596 994 2673 οὕτως·
1020 2606 1162 2664 «πολλῶν

138 2732 180 2742 -
196 2693 389 2776 ἐδιδάχθης».
412 2698 565 2758 Proclus
580 2699 612 2758 in
625 2698 703 2760 Plat.
720 2699 831 2758 Timeo.
846 2721 874 2777 p.
888 2703 903 2758 1
923 2699 968 2758 ed.
985 2699 1160 2761 Schneider.

135 2793 168 2859 τὸ
191 2799 244 2858 τοῦ
263 2799 480 2878 Πυθαγορικοῦ
501 2796 627 2875 Τιμαίου
649 2791 768 2877 γράμμα
786 2790 991 2875 περὶφύσεως
1011 2799 1161 2878 Πυθαγο-

137 2889 222 2976 ρικὸν
248 2889 358 2974 τρόπον
386 2887 577 2972 διατάττεται,
605 2892 716 2955 «ἔνθεν
743 2889 952 2973 ἀφορμηθεὶς»
984 2887 1000 2955 ὁ
1028 2889 1161 2957 Πλάτων

139 2997 384 3074 «τιμαιογραφεῖν
411 2990 570 3072 ἐπιχειρεῖ»
594 2986 667 3054 κατὰ
690 2986 742 3053 τὸν
765 2986 963 3072 σιλλογράφον
987 2985 1070 3074 (mrg
1093 2993 1161 3054 cod.

136 3089 167 3150 A
190 3086 242 3152 τὸν
267 3083 411 3172 Τίμωνα).
454 3091 601 3151 Scholia
623 3091 714 3152 Plet.
740 3090 852 3150 Timeo,
875 3111 904 3166 p.
930 3083 995 3150 20A
1024 3082 1067 3170 (p.
1093 3092 1160 3150 200

137 3189 270 3266 Ruhnk,
292 3209 321 3264 p.
346 3192 410 3250 364
439 3181 556 3271 Herm.)
586 3188 708 3267 Τίμαιος
732 3234 738 3248 .
759 3234 765 3247 .
786 3235 792 3247 .
816 3180 983 3270 φιλόσοφος
1011 3177 1160 3267 Πυθαγάὲ

138 3307 215 3365 ρειος
247 3283 359 3366 ἔγραψε
388 3279 580 3365 μαθημάτιοά
609 3307 638 3346 τε
665 3282 715 3346 καί
741 3281 817 3364 περίΙ
836 3279 954 3362 φάσεως
982 3277 1160 3365 σύγγραμμα

137 3377 189 3444 τὸν
214 3377 431 3463 Πυθαγορικὸν
457 3378 577 3462 τρόπον.
624 3381 714 3443 ἔνθεν
742 3375 757 3442 ὁ
781 3375 909 3442 Πλάτων
936 3378 986 3441 καὶ
1013 3374 1065 3442 τὸν
1093 3375 1160 3441 διά-

119 3483 219 3560 loyor
239 3480 284 3556 είς
307 3474 403 3544 αὐτὸν
426 3479 550 3566 ἔγραψε,
573 3474 657 3543 καθὰ
678 3478 730 3542 eui
747 3473 762 3542 ὃ
781 3473 975 3559 σιλλοηράῳος
994 3476 1068 3557 φησί
1086 3476 1152 3555 περὶ
