2454 3840
547 161 588 170 —
638 124 701 189 176
747 160 789 170 -
1051 149 1179 192 umerus

34 367 39 376 .
162 286 317 370 ἐγκυκλίου
344 287 480 361 παιδείας
508 281 638 367 άμάητος
662 279 706 348 civ
728 281 881 366 ἐμακάριζε
902 285 954 348 καὶ
976 283 1046 361 τοὺς
1070 282 1179 368 ὁμοίως

163 379 241 468 αὐτῷ
273 382 320 445 ἐπὶ
354 385 536 463 φιλοσοφίαν
564 381 782 465 παρεχομένους
809 378 945 458 τοιαύτας
973 380 1081 462 φανάς
1108 409 1177 466 προ·

163 480 277 562 ἱέμενος
305 477 476 563 “μακαρίζοο
501 500 547 560 σε,
579 472 603 544 ὦ
632 471 732 560 οὗτος,
760 477 804 544 ὅτι
834 477 968 562 καθαρὸς
990 478 1091 562 πάσης
1114 506 1178 545 παι-

164 579 243 653 δείας
266 573 325 664 (sic
344 582 611 660 Schweighaeuser
633 600 689 659 pro
712 573 820 663 αἰτίας)
845 578 892 641 ἐπὶ
915 580 1101 658 φιλοσοφίαν
1125 576 1176 660 ὥρ-

162 673 289 757 μησας”.
323 673 398 740 ὅθεν
415 673 507 740 αὐτὸν
522 676 572 738 καλ
587 670 603 739 ὁ
620 678 720 757 Τίμων
734 678 812 756 φησί
823 676 1178 759 «φραμμαδιδασκαλίδην

160 769 386 858 άναμαγότατον
408 768 573 848 ζωόντων».

232 927 258 967 v.
279 917 293 966 1
321 901 372 966 οὖν
392 912 521 981 φυσικῶν
539 911 631 965 Laeti.
651 912 692 978 A,
719 903 756 966 αὖ
776 907 897 981 φυσικὸς
915 911 1036 982 Hesych.
1057 911 1099 981 A,
1127 905 1176 968 οὖν

162 996 282 1068 φυσικὸς
299 1000 391 1056 Laeti.
408 1001 446 1055 Μ
462 998 561 1056 Venot.
577 998 608 1055 et
620 1002 639 1068 f
648 1002 658 1070 ΙΙ
672 1019 697 1056 v.
713 1007 728 1054 2
748 1001 1066 1070 γραμμαδιδασκαλίδης
1084 1002 1175 1056 Laeti.

161 1087 357 1160 BF’oPof,
372 1088 491 1158 Hesych.
513 1090 598 1160 (quod
617 1088 717 1158 reponi
734 1087 814 1144 iubet
827 1087 935 1144 Barker
952 1087 984 1142 in
997 1089 1085 1146 Wolfi
1105 1091 1175 1146 anal.

160 1176 245 1231 litter.
265 1177 365 1248 1111p.
386 1183 438 1233 544
457 1181 487 1234 et
504 1177 617 1233 hobech
635 1177 671 1232 ad
690 1177 839 1247 Phrynich.
859 1195 886 1248 p.
906 1179 983 1247 669):
1002 1181 1175 1249 ηραμοὸισα-

162 1266 295 1334 σκαλίδης
313 1265 405 1322 Laeti.
416 1266 455 1337 Η,
473 1268 792 1336 γραμμαδιδασκαλίδης
810 1266 904 1322 Iaera
915 1265 957 1322 F¹
975 1267 1064 1336 (qnod
1082 1268 1177 1322 defen*

162 1352 206 1412 ait
222 1354 253 1407 L.
272 1352 396 1408 Dindorf
409 1353 440 1408 in
459 1353 597 1425 Stephani
619 1353 709 1410 lexico
726 1372 751 1410 v.
771 1351 993 1426 γραμματόκος),
1019 1358 1175 1427 γραμμαδι-

161 1442 335 1514 resecrare
345 1441 447 1504 Auen.
464 1443 468 1513 Ι
485 1437 699 1514 &veraciterve
712 1445 805 1506 Laert-
816 1444 834 1512 f
844 1445 849 1514 1
859 1443 1001 1518 <secem
1015 1443 1175 1516 Heeueh·.A

227 1667 322 1710 comi.
355 1648 429 1708 -Non
461 1649 560 1708 solum
591 1649 746 1710 ultimus
778 1648 974 1727 physicorum
999 1651 1175 1732 ,appellatur

160 1745 324 1824 Epicurum
348 1746 400 1807 sed
422 1750 459 1807 ut
478 1745 616 1823 Sophron
639 1747 715 1807 dixit
734 1737 784 1827 (fr.
801 1749 841 1806 96
857 1740 999 1830 Ahrens.)
1023 1740 1173 1827 προβάτου

161 1837 357 1923 προβάτερον,
381 1836 443 1915 διὸς
462 1837 607 1922 ὀιότερον,
631 1843 673 1904 sie
692 1844 800 1904 Timon
818 1840 1072 1926 comitiorum,
1097 1846 1174 1926 quoi

161 1942 247 2002 iuxta
260 1935 403 2002 κύντατον
418 1958 522 2002 avoco
536 1934 620 2000 κάων
634 1940 805 2003 derivatum
823 1944 934 2022 posuit,
954 1946 1174 2022 superlativum

159 2057 223 2099 esse
243 2039 389 2100 audacter
407 2039 572 2098 formatum
591 2057 609 2097 a
627 2057 700 2099 voce
718 2028 754 2111 ὗς
773 2031 825 2121 (cf.
841 2039 972 2100 Orelh'us
992 2043 1032 2101 ad
1045 2043 1172 2122 Hesych.

158 2135 254 2196 Miles.
273 2157 302 2213 p.
319 2129 384 2219 22).
421 2137 497 2197 talia
520 2136 656 2197 convicia
677 2137 710 2196 in
727 2138 894 2214 Epicurum
917 2141 1105 2218 congessisse
1128 2142 1172 2200 Ti·

158 2253 277 2294 monem
310 2235 402 2295 etiam
434 2236 604 2313 fragmento
631 2235 767 2310 proximo
798 2237 1036 2314 demonstratur,
1072 2257 1171 2316 quam·

160 2325 252 2408 quam
279 2353 340 2394 non
363 2333 466 2411 potuit
493 2332 628 2409 iniquius
656 2331 804 2392 iudicium
830 2334 903 2394 ferri
926 2334 962 2394 de
984 2335 1171 2413 philosopho,

158 2431 211 2507 qui
238 2431 430 2507 voluptatem
457 2449 608 2490 summum
636 2431 758 2508 quidem
784 2431 898 2492 bonum
925 2433 1014 2512 dixit,
1043 2434 1172 2494 sobriam

157 2531 259 2585 tamen
283 2546 317 2586 ec
341 2528 463 2603 siccam,
495 2532 526 2586 et
555 2530 727 2589 accuratius
755 2530 884 2608 definiit,
913 2531 973 2591 duo
1002 2531 1083 2592 bona
1111 2551 1172 2594 esse

158 2640 194 2679 ex
213 2622 323 2699 quibus
341 2623 473 2698 primum
491 2623 568 2682 illud
586 2625 771 2704 beatumque
789 2632 995 2708 componatur,
1015 2634 1052 2691 ut
1066 2650 1171 2710 corpus

159 2719 223 2778 sine
246 2718 350 2780 dolore
373 2722 426 2799 eit,
450 2721 568 2781 animus
592 2722 656 2783 eine
672 2724 916 2808 perturbatione,
941 2730 971 2786 et
995 2746 1075 2805 quae
1095 2729 1171 2788 simi-

157 2818 228 2878 liter
250 2819 389 2898 exposuit
412 2819 494 2899 apud
516 2820 615 2904 Laeui.
635 2823 663 2882 X
684 2825 744 2882 131
763 2841 805 2900 sq.
842 2842 940 2902 neque
962 2825 1065 2886 minus
1089 2829 1172 2886 mali·

154 2917 231 2978 tiose
258 2917 347 2979 Samo
376 2919 492 2981 venisse
508 2919 660 3000 fingitur,
693 2938 762 2980 cum
789 2920 981 2982 Atheniensis
1005 2924 1101 2986 fuerit
1124 2927 1173 2986 sed

155 3015 330 3077 adulescens
353 3021 474 3078 tautum
497 3037 567 3078 cum
588 3023 675 3096 petre
698 3022 730 3078 et
752 3019 846 3080 fratre
871 3019 954 3079 Sami
977 3021 1172 3102 habitaverit,

158 3130 217 3186 quo
235 3116 328 3190 pater
351 3115 415 3175 eius
435 3109 596 3200 ‘agripeta'
621 3109 655 3199 (i.
671 3136 694 3177 e.
712 3117 874 3202 κληροῦχος
892 3122 1014 3188 servata
1033 3115 1172 3204 civitate)

155 3212 292 3341 venerato:
320 3211 357 3270 ef.
382 3211 442 3272 Sic,
466 3213 502 3274 de
525 3217 587 3274 net.
611 3213 691 3275 deor.
715 3215 730 3274 I
755 3217 809 3294 27,
831 3217 885 3294 723
914 3216 1014 3282 Strab.
1037 3219 1112 3300 XIV
1134 3223 1171 3282 18

175 3308 293 3368 .638.
929 3319 943 3323 ”

152 3324 172 3382 p
220 3369 329 3464 Eidem
351 3409 470 3483 patrem
493 3410 559 3471 ludi
581 3411 762 3488 magistrum
784 3413 878 3473 fuisse
898 3417 1067 3494 testentur,
1092 3417 1172 3495 quod

154 3500 192 3559 ad
219 3502 387 3580 Epicurum
414 3506 513 3583 ipsum
540 3512 662 3585 praeter
689 3501 844 3570 Timonem
875 3513 957 3572 solus
985 3513 1172 3594 Hermippus
