2452 3832
539 103 760 168 ..42-

140 285 259 327 necesse
288 285 358 328 sane
386 271 444 344 est,
473 286 491 326 a
515 267 640 327 Timone
663 267 725 326 silli
747 267 910 344 conscripti
932 252 985 329 vel
1005 267 1044 326 ed
1067 267 1167 328 finem

141 368 221 424 certe
235 364 374 442 perducti
392 365 453 424 sint
472 365 557 424 annis
576 369 732 441 provecto:
752 383 882 443 quocum
900 365 933 424 id
951 382 1074 443 quoqne
1089 383 1165 426 con-

141 462 226 541 gruit
258 462 340 540 qnod
371 462 403 522 in
430 462 539 522 ultimo
571 461 663 538 libro,
695 481 787 540 quern
814 459 952 542 ἐπίλογον
978 462 1164 540 inscripsere

141 559 344 638 grammatici,
376 563 649 619 commemorantur
674 558 826 620 Aristonis
855 558 923 620 Ohii
954 560 1099 637 discipuli
1133 567 1164 622 et

141 657 245 734 egitur
267 657 304 716 de
327 656 473 734 Dionysio
496 653 701 738 Μενοιθεμένῳ
727 657 832 790 quasi
843 657 990 764 defuncto.
1009 658 1074 718 sive
1098 659 1164 718 iam

144 757 245 816 astate
268 755 413 815 confecto.

208 853 340 920 Transeo
358 871 438 912 nunc
453 853 491 912 ad
505 852 704 913 enarrandam
717 852 856 912 sillorum
874 781 1163 929 dispositionem

140 951 263 1027 qualem
281 950 353 1010 olim
370 951 576 1028 redintegrari
595 954 626 1010 01
643 953 724 1009 nnnc
743 969 864 1028 quoque
881 950 944 1010 fere
962 950 1049 1010 tenui
1068 941 1162 1032 (pau-

140 1049 267 1108 cissimis
285 1050 407 1107 tantum
424 1039 577 1129 mutatis),
596 1046 668 1125 quia
686 1048 742 1106 hac
760 1046 878 1108 ratione
897 1047 937 1106 ad
950 1066 1055 1107 eorum
1068 1053 1163 1108 natu·

99 1144 101 1149 ’
139 1164 206 1204 rum
227 1144 463 1222 intellegendam
485 1145 583 1204 multo
606 1145 676 1221 plus
699 1143 805 1222 profici
828 1145 966 1205 existimo
989 1173 1031 1186 -·-
1051 1164 1161 1222 quam-

140 1259 233 1318 quem
256 1242 293 1301 de
314 1242 456 1320 singulis,
468 1241 574 1301 multis
593 1241 727 1302 dubitari
745 1259 833 1319 posse
852 1245 1088 1302 consentaneum
1114 1247 1162 1305 est

141 1369 183 1380 —-
203 1355 295 1415 quam
315 1339 479 1398 exercenda
502 1339 570 1398 sola
591 1341 655 1398 arte
673 1338 825 1399 nesciendi
844 1357 936 1416 quam
953 1339 1035 1400 insto
1057 1343 1160 1420 magis

140 1435 229 1494 bodie
252 1435 425 1512 praedicare
449 1436 554 1495 solent.

206 1525 396 1615 initium²)
418 1533 516 1612 igitur
534 1533 673 1593 carminis
692 1533 780 1594 duxit
795 1533 902 1594 Timon
920 1552 940 1593 0
953 1553 1044 1596 versu
1058 1531 1161 1598 ἔσπετε

139 1633 198 1690 νῦν
223 1651 273 1709 μοι
300 1623 365 1691 ὅσοι
387 1623 633 1710 πολυπράγμονές
660 1627 721 1691 ἐστι
749 1631 888 1708 σοφισταί
915 1623 966 1712 (fr.
989 1624 1028 1713 I).
1076 1636 1162 1711 quod

138 1728 262 1789 initium
299 1746 360 1807 qua
390 1727 512 1788 'ratione
549 1746 619 1788 curn
649 1729 767 1807 reliquo
799 1729 930 1790 carmine
962 1729 1161 1792 coniunctum

212 1902 238 1964 1)
257 1896 348 1952 Aliter
367 1896 481 1966 quidem
499 1896 635 1952 iudicavit
654 1897 721 1953 Otto
740 1899 824 1966 lehn,
849 1897 897 1966 qui
914 1899 1035 1960 Harmas
1054 1898 1112 1955 vol.
1133 1899 1160 1954 H

139 1995 166 2047 p.
186 1983 238 2031 236
262 1977 332 2032 baec
350 1977 475 2048 scripsit:
510 1971 565 2032 ‘Ob
584 1975 629 2032 die
649 1977 747 2033 Worte
767 1978 815 2033 des
839 1977 993 2049 Diogenes,
1018 1971 1068 2032 der
1086 1979 1160 2034 Vens

140 2054 287 2124 (11.1)101
310 2051 382 2125 ἁρχὴ
408 2055 458 2109 des
481 2061 575 2110 ersten
592 2057 702 2112 Buches
725 2072 867 2128 genesen,
890 2057 1043 2126 10101101,
1067 2075 1097 2114 es
1118 2060 1160 2115 sei

140 2135 189 2188 der
208 2136 281 2189 erste
295 2134 365 2189 Vere
385 2135 434 2189 des
454 2134 603 2190 (1011011100
622 2153 759 2206 genesen,
778 2137 850 2192 11011
867 2137 928 2192 sich
945 2137 1021 2193 wohl
1039 2138 1159 2194 1011101-

139 2213 205 2271 selu.
242 2213 299 2270 Das
323 2214 377 2270 νῦν
404 2214 481 2270 kann
505 2215 579 2270 doch
600 2233 655 2270 nur
677 2216 841 2287 unknupfsn
865 2233 909 2271 nn
925 2219 1013 2273 etwas
1036 2217 1159 2274 Verber-

139 2293 281 2364 gehendes
300 2294 357 2350 und
377 2293 476 2368 Sextus
494 2294 662 2368 Empirious’
679 2295 789 2368 (Pyrrh.
809 2298 906 2367 hypot.
926 2298 1018 2367 1224)
1037 2296 1158 2368 Angabe

140 2371 172 2430 ἐν
190 2378 302 2438 πολλοῖς
324 2371 379 2445 γὰρ
404 2371 493 2430 αὐτὸν
514 2371 667 2446 ἐπαινέσας
684 2371 735 2430 τὸν
754 2373 942 2446 Ξενοφάνην,
966 2373 1071 2440 011101
1090 2376 1159 2441 τοὺς

139 2456 248 2516 οίλλοος
269 2449 346 2527 αὐτῷ
365 2449 522 2509 ἀναθεῖναι
544 2455 621 2510 kann
645 2454 717 2511 doch
740 2473 793 2510 nur
815 2473 871 2512 von
895 2455 986 2512 sinam
1009 2473 1046 2511 un
1063 2457 1159 2514 Xeno·

138 2535 246 2604 phanes
260 2527 435 2605 gerichteten
450 2533 627 2588 Prooemium
642 2535 811 2590 verstanden
824 2535 958 2592 werden'.
987 2535 1042 2592 Sed
1057 2539 1159 2592 001111

139 2613 248 2666 certum
267 2611 445 2680 Apollonidis
463 2613 657 2668 testimoninm
680 2615 710 2668 01
732 2613 908 2669 constantem
929 2614 1159 2686 1111000μο110-

139 2709 201 2746 rum
215 2690 384 2762 Graecorum
398 2707 480 2746 usum
497 2691 565 2748 libri
577 2692 689 2761 initium
704 2691 840 2748 afferendi
858 2693 1043 2764 nihilspotest
1059 2698 1158 2752 valere

139 2769 221 2825 lebni
239 2769 388 2827 dubitatio.
418 2771 536 2839 accedit,
555 2770 632 2842 quod
650 2771 738 2841 ipsius
757 2771 861 2828 iliados
881 2774 1032 2829 secundum
1046 2774 1157 2831 Aristo·

138 2866 239 2908 senum
251 2849 390 2918 (anecdot.
400 2852 516 2906 Roman.
526 2851 566 2906 III
575 2870 602 2923 p.
614 2857 630 2906 5
641 2850 684 2905 ed.
694 2851 808 2923 Osann.)
817 2852 980 2908 ferebantur
990 2855 1159 2926 apographa

140 2947 211 3000 quaa
230 2946 247 2984 a
265 2931 387 3001 gemello
401 2931 551 2988 Homerico
569 2948 652 2988 versu
671 2928 769 2986 ἔσπετε
788 2932 841 2987 νῦν
860 2952 909 3002 μοι
927 2933 1043 2988 Μοῦσαι
1058 2928 1159 3005 'Olcin-

139 3005 318 3080 1101011οί
340 3007 748 3081 1χονοαιὶ111111101101011ς
773 3025 864 3082 neque
883 3011 1011 3067 absimile
1030 3015 1074 3067 est
1092 3013 1158 3070 illo·

138 3108 200 3144 rum
220 3088 376 3144 carminum
390 3090 550 3162 exemplum
564 3091 632 3146 satis
647 3093 754 3160 notum,
772 3087 915 3162 quaetione
932 3093 1076 3162 particula
1095 3111 1157 3150 sen·

138 3169 256 3224 tentiam
281 3169 467 3240 principalem
497 3169 676 3226 inducebant.
710 3171 831 3240 deniqne
857 3172 958 3227 Sextus
986 3174 1040 3229 boc
1063 3175 1157 3229 solum

139 3249 210 3302 mibi
233 3248 344 3304 videtur
367 3249 473 3318 dicere,
496 3250 643 3306 Timonem
667 3250 834 3319 Xenophani
856 3266 927 3320 quae
950 3268 1002 3321 per
1026 3252 1157 3308 stilorum

139 3327 290 3382 maximam
310 3332 419 3398 partem
434 3325 500 3397 (1.0.
515 3329 578 3384 libr.
593 3330 619 3384 Il
634 3331 728 3400 01Π1)
748 3331 877 3400 exposuit
893 3331 1066 3399 attribuisse3
1086 3333 1158 3388 fecit

139 3408 214 3462 enim
233 3424 297 3463 eum
310 3410 343 3462 ut
361 3426 445 3479 snpra
461 3407 583 3465 vidimus
598 3425 726 3464 severum
739 3407 875 3464 iudicium
890 3409 925 3464 de
940 3409 1070 3465 omnibus
1085 3410 1156 3483 dog·

119 3485 242 3540 mortiers
257 3487 409 3546 1111011011.
