2476 3832
106 131 374 174 rnxvn-xvnn
494 142 537 152 -
585 105 648 169 119
695 141 738 150 -

104 262 271 338 procedesi3
289 280 364 318 nunc
382 261 558 332 temptabam
577 257 659 316 αἶνον
678 256 716 331 μὴ
730 261 816 332 ληρῇς
833 261 878 315 vel
896 258 1029 330 παίγνιον
1044 256 1094 331 αίμ
1115 292 1126 304 -

104 356 174 416 λίως
192 352 261 422 (sive
281 348 431 424 ἐμμελέως)
452 351 457 424 Ι
480 344 688 420 ἒνκαταμιγνύς
705 349 734 404 Β

179 523 274 564 oonn.
308 502 473 573 Quaeritur
500 499 575 579 quid
600 498 736 576 potuerit
762 497 929 559 immiscere
952 498 1126 560 Arcesilaus

103 600 393 679 reprehensionibus
424 601 455 658 in
488 598 598 676 quibus
626 597 803 657 adhibendis
836 617 906 656 eum
937 598 1127 676 frequentem

104 704 142 760 et
165 700 318 761 valentem
340 696 434 757 fnisse
457 695 598 756 Laertius
621 696 641 755 l.
661 713 683 754 s.
707 696 846 755 testatur.
883 687 957 754 νόον
979 695 1128 773 cogitavit

107 796 317 874 Oasaubonus,
331 794 473 872 probavit
482 793 747 852 Wilamowitzius:
767 792 849 870 quod
862 795 943 852 recte
958 793 1127 871 cogitatum

108 912 176 954 esse
198 913 285 972 nego.
327 911 398 952 nam
425 889 701 968 vituperationibus
728 909 783 966 per
811 909 842 950 se
869 881 941 961 νόος
968 893 1023 949 aut
1048 891 1128 950 inest

109 994 167 1050 aut
189 991 287 1068 deest,
310 991 337 1050 si
356 991 449 1067 inest,
472 1008 533 1049 non
552 992 598 1048 est
616 1007 671 1047 our
689 988 832 1067 addatur3
856 988 998 1066 sideest,
1021 989 1129 1065 nequit

108 1091 217 1166 postea
240 1088 362 1148 aliunde
387 1087 458 1148 addi
481 1079 654 1168 (praeterea
675 1087 766 1163 plane
788 1105 836 1146 me
859 1087 954 1164 fugit,
978 1087 1128 1164 quomodo

110 1180 277 1264 ἐπιπλήξεις
300 1185 360 1245 dici
381 1185 500 1263 possint
522 1175 676 1265 αίμύλιοι).
721 1183 885 1244 immisceri
906 1203 977 1244 vero
1000 1187 1129 1261 possunt

109 1269 403 1362 reprehensionibus
426 1284 453 1342 si
471 1281 545 1361 quid
562 1281 659 1360 video,
684 1282 782 1341 solum
801 1283 879 1344 talia
897 1282 1002 1360 qualia
1020 1285 1127 1360 suapte

109 1384 222 1440 natura
245 1381 277 1440 in
295 1379 572 1458 vituperationibus
590 1398 650 1439 non
668 1379 730 1439 iam
747 1381 865 1460 insunt,
888 1379 939 1440 sed
960 1381 1130 1441 ornamenti

109 1479 209 1538 instar
232 1478 303 1538 addi
324 1482 466 1556 possunt,
494 1478 580 1539 velut
602 1477 744 1556 facetiae,
766 1479 941 1557 proverbia,
968 1482 1129 1556 poetarum

109 1577 213 1653 flores,
246 1576 366 1635 similia.
413 1579 505 1652 atque
533 1575 645 1635 scimus
672 1573 863 1635 Arcesilaum
892 1575 1032 1636 lubenter
1059 1595 1129 1651 poe·

109 1677 214 1734 tarum
233 1674 398 1733 sententias
417 1690 579 1748 usurpasse
598 1674 630 1730 et
647 1671 727 1731 inter
745 1691 847 1732 omnes
870 1670 1046 1730 ferebantur
1064 1671 1128 1732 eius

109 1770 211 1848 lepide
236 1770 330 1830 diota:
354 1771 391 1830 of.
414 1772 535 1847 praeter
558 1771 672 1827 ceteros
695 1768 796 1827 Laert.
814 1768 903 1846 Diog.
921 1768 966 1826 IV
985 1770 1025 1828 37
1052 1759 1129 1848 (Ἀρ-

108 1861 250 1929 κεσιλοίοο
269 1862 301 1928 τὸ
319 1858 485 1948 παίγνιον).
518 1865 593 1926 satis
615 1866 719 1924 tamen
736 1864 833 1925 habeo
855 1866 933 1924 hanc
952 1864 1130 1926 emendandi

108 1967 194 2028 viam
213 1965 447 2041 demonstrasse,
470 1981 542 2022 narn
560 1962 597 2022 de
616 1963 744 2042 singulis
763 1963 838 2022 certi
856 1963 900 2022 nil
919 1961 1049 2023 affirmo:
1073 1963 1130 2024 hoc

109 2064 212 2125 solum
240 2062 331 2141 addo,
355 2064 482 2122 alteram
504 2079 664 2139 personam
690 2062 723 2121 in
746 2054 878 2139 μηλήοης
905 2061 1051 2120 latentem
1075 2051 1130 2142 (si-

110 2160 236 2240 quidem
254 2152 346 2242 latet)
366 2160 440 2220 satis
460 2159 605 2237 explicari
622 2149 712 2218 c'crtis
732 2158 875 2236 colloquii
893 2158 1031 2237 vestigiis
1051 2178 1129 2237 qnae

108 2261 143 2326 in
166 2259 203 2317 fr.
222 2258 311 2318 XVII
334 2262 364 2318 et
387 2257 506 2316 XVIlII
530 2259 685 2333 apparent.

562 2523 681 2583 XVIIII

159 2636 205 2720 ὣς
227 2637 331 2708 είπών
355 2637 469 2727 ὄχλοιο
492 2645 686 2728 περίστασιν
710 2639 951 2708 εἰσκατέδυνεν.

159 2749 195 2815 οί
216 2748 257 2814 δέ
277 2773 336 2833 μιν
359 2743 440 2832 ἠύτε
462 2750 590 2831 γλαῦκα
613 2749 688 2833 πέρι
712 2752 821 2828 σπίζαι
844 2749 1044 2832 τερατοῦντο

158 2849 325 2938 ἠλέματον
349 2849 554 2937 δεικνύντες,
579 2850 766 2919 ὁθούνεκεν
791 2849 1024 2937 ὀχλοάρεσκος·

161 2957 202 3026 οὐ
225 2960 309 3046 μέγα
332 2960 483 3045 πρῆγμα,
511 2956 626 3036 τάλας·
652 2961 688 3025 τί
707 2953 889 3024 πλατύνεαι
911 2953 1046 3042 ἠλίθιος
1070 2957 1130 3039 ὥς;

410 3141 531 3183 nomam
552 3141 693 3184 Dauosul
714 3139 832 3184 vaRsvs

114 3243 146 3298 in
164 3260 191 3296 v.
212 3247 240 3295 l:
260 3245 282 3294 A
301 3245 354 3295 326
373 3240 409 3296 el.
429 3233 466 3302 ὥς
485 3235 574 3295 είπών
594 3239 705 3309 (eadem
723 3257 820 3295 versus
840 3239 917 3310 sede)

114 3332 146 3386 in
164 3349 191 3384 v.
210 3335 239 3383 4:
261 3333 286 3382 Δ
303 3333 355 3382 482
374 3323 500 3398 αίνειρὸς
518 3323 556 3392 ὥς
574 3327 658 3384 simil.
678 3329 787 3398 (eadem
806 3345 903 3384 versus
922 3331 999 3400 sede)

185 3496 273 3538 ress.
309 3479 481 3542 Laertius
505 3481 606 3560 Diog.
630 3479 675 3540 IV
698 3482 739 3540 42
772 3478 813 3552 εἰς
839 3473 872 3542 τὸ
901 3474 1137 3558 ἃιαᾷαλλύοεοοο
