2452 3832
535 137 755 201 ,68-

204 302 317 363 Contra
337 300 476 362 omnihus
495 301 595 362 nervis
614 300 834 361 contenderunt
853 299 950 376 cynici
968 301 1004 358 ut
1019 297 1161 374 exemplo

140 404 172 463 et
199 399 409 460 adhortatione
436 397 572 458 homines
599 417 617 456 a
640 397 816 458 libidinibus
841 394 1160 473 affectibusquelibe-

138 485 242 559 rarent
269 499 302 556 ct
329 497 368 556 ad
395 495 488 554 animi
516 495 662 556 virtutem
690 496 766 555 nihil
788 497 872 555 ultra
895 498 1093 571 appetentem
1116 494 1160 552 in-

140 597 319 657 formarent:
347 594 452 671 itaque
470 612 530 652 uon
548 593 581 652 in
599 593 719 653 scholae
737 592 923 654 umbraculis
942 610 973 652 se
992 596 1161 653 tenuerunt

140 693 193 754 scd
215 692 247 751 in
269 693 336 752 foro
359 695 391 752 et
414 691 583 769 angiportis
606 691 700 769 vulgo
722 708 753 749 se
772 691 1003 750 immiscuerunt
1022 693 1054 750 et
1073 691 1160 768 quid·

140 790 214 869 qnid
241 808 381 867 perverse
411 791 459 850 vel
487 790 605 848 factum
632 787 771 848 riderent
798 787 847 848 vel
875 786 990 847 dictum
1018 788 1162 849 audirent

139 889 178 949 ad
217 888 248 948 id
290 907 322 948 se
361 887 574 965 applicuerimt
611 904 788 963 summaque
824 879 966 946 libertate
1002 885 1161 946 hominum

140 985 305 1048 stultitiam
338 988 486 1046 notarunt
517 985 579 1044 alia
606 987 726 1060 praeter
752 985 899 1044 virtutem
927 987 1103 1060 captantem
1131 989 1161 1045 et

138 1083 250 1142 crebris
270 1082 428 1160 affectibus
447 1086 635 1142 commotam.
672 1082 724 1142 sed
742 1082 824 1141 utin
838 1073 1161 1143 audientiumanimos

141 1183 347 1258 penetrarent,
385 1179 523 1240 solebant
559 1178 701 1240 brevibus
734 1179 832 1240 acutis
864 1178 1010 1256 celsisque
1044 1179 1160 1240 chriis

139 1268 237 1356 uti1),
280 1273 317 1336 de
356 1275 467 1352 quibus
505 1276 577 1335 audi
608 1276 810 1354 Demetrium,
847 1278 882 1337 de
914 1278 1011 1336 ολουυί.
1044 1273 1064 1353 ἓ
1096 1281 1161 1339 170

141 1365 182 1455 (p.
203 1376 276 1450 299,
297 1375 339 1434 24
359 1365 484 1454 Speng.)
504 1373 617 1450 optime
637 1375 844 1435 disserentem:
862 1367 1019 1452 χρήσονται
1038 1370 1072 1434 δέ
1090 1396 1161 1436 ποτε

139 1468 190 1530 καί
223 1469 254 1530 ol
283 1465 424 1550 φρόνιμοι
455 1471 581 1551 γελοίοις
609 1465 684 1548 πρός
711 1493 740 1534 τε
766 1465 837 1544 τοὺς
862 1465 1000 1548 καιρούς,
1032 1463 1100 1532 οίον
1128 1469 1161 1532 ἐν

140 1566 252 1648 ἑορταῖς
275 1567 325 1629 καλ
348 1566 383 1629 ἔν
404 1569 596 1647 συμποσίοις,
620 1566 669 1629 acl
692 1567 725 1630 ἒν
747 1563 916 1648 ίπιπλήξεσι
938 1563 971 1628 δὲ
994 1562 1068 1647 πρὸς
1091 1562 1161 1642 τοὺς

137 1662 390 1745 τρυφερωτέρους,
425 1659 465 1738 ὥς
496 1659 513 1727 ὁ
546 1660 695 1748 τηλαυγὴς
722 1662 855 1739 θύλακος
882 1663 930 1726 καί
957 1658 977 1743 ἡ
1007 1659 1161 1745 Κράτητος

138 1757 291 1841 ποιητική,
314 1762 365 1824 καί
388 1767 488 1844 φακῆς
516 1758 663 1844 ἕγιιιάμιον
685 1757 724 1824 dv
747 1756 868 1848 ἀναγνῷ
891 1785 933 1836 τις
951 1760 985 1823 ἐν
1002 1767 1063 1836 τοῖς
1081 1756 1160 1825 cicci-

137 1875 210 1932 τοις·
241 1863 373 1933 τοιοῦτος
401 1857 434 1921 δὲ
467 1853 508 1934 ὥς
536 1855 567 1922 τὸ
596 1859 686 1922 πλέον
712 1859 762 1921 καί
789 1852 806 1921 ὅ
830 1852 988 1932 Κυνικὸς
1014 1855 1158 1937 τρόπος·

137 1952 172 2017 τά
194 1952 251 2038 γάρ
272 1961 393 2019 τοιαῦτα
411 1963 533 2039 γελοῖα
556 1958 676 2044 χρείας
694 1953 840 2037 λαμβάνει
857 1949 940 2030 τάξιν
958 1956 1006 2018 καί
1026 1951 1158 2039 γνώμης.

139 2057 325 2116 allatrarunt
347 2056 444 2134 igitur
467 2073 569 2115 omnes
588 2047 655 2115 fere
669 2060 816 2134 tanquam
833 2046 923 2128 κάντς
941 2048 1092 2117 armano
1111 2057 1159 2119 noi

137 2148 279 2232 ιιάρχαροι
310 2156 348 2212 ut
381 2172 449 2213 cunr
479 2152 614 2214 Lucieno
644 2146 715 2234 (Bis
738 2171 831 2214 occos.
861 2145 926 2234 33)
950 2154 1072 2232 loquar,
1107 2157 1160 2216 sed

138 2251 200 2310 πάν
222 2243 254 2311 τὸ
278 2243 356 2324 εἶδος
378 2253 430 2312 τοῦ
450 2252 586 2311 Κυνικοῦ
609 2245 708 2332 λόγου,
731 2255 767 2311 ut
790 2251 870 2311 idem
888 2250 1060 2311 Demetrius
1078 2243 1160 2313 inira

140 2346 238 2426 §261
265 2349 323 2429 ait,
346 2349 478 2411 σαίνοντι
500 2344 561 2427 άμα
584 2345 661 2410 ἔοικέ
682 2370 722 2431 τῳ
744 2344 794 2408 καί
817 2341 996 2430 δάκνοντιί).

205 2447 350 2508 Effloruit
377 2448 473 2525 igitur
495 2447 627 2523 primum
650 2447 681 2504 in
704 2446 769 2507 vita
792 2447 958 2506 cottidiana
985 2447 1159 2528 exercitum,

138 2543 246 2604 deiude
273 2544 366 2604 etiam
393 2543 504 2603 litteris
531 2544 709 2604 mandatum
736 2545 892 2622 proprium
919 2545 997 2604 illud
1019 2545 1160 2623 cynicum

140 2639 258 2699 dicendi
293 2657 402 2717 genua,
439 2640 520 2716 quod
555 2641 671 2719 exiguis
703 2642 875 2718 primordiis
907 2642 945 2700 ab
977 2641 1159 2704 Antisthene

139 2735 246 2813 positis
265 2737 393 2796 maxime
412 2755 467 2813 per
479 2737 625 2815 Diogenis
643 2739 784 2799 stativam
798 2740 989 2800 dicacitatem
1005 2742 1160 2802 excultum

140 2835 188 2892 est
210 2836 241 2893 et
262 2836 333 2910 post
355 2834 417 2893 fere
441 2833 579 2894 omnibus
602 2836 715 2913 cynicis
737 2841 839 2914 potest
857 2837 1020 2916 adsignari,
1042 2837 1160 2899 Crateti

141 2928 230 2990 Bioni
253 2929 395 3007 Menippo
418 2930 571 3011 Meleagro
595 2933 763 3011 dequibus
787 2935 925 2995 omnibus
949 2936 1028 2995 infra
1051 2935 1160 3015 dicam,

141 3027 269 3105 denique
301 3027 434 3088 Monimo
472 3029 525 3106 qui
562 3030 683 3109 scripsit
714 3031 836 3113 παίγνια
868 3032 985 3117 σπουδῇ
1015 3033 1160 3115 λεληθυίᾳ

141 3121 297 3203 pappole«
321 3117 369 3206 (L.
393 3126 429 3186 D.
453 3125 497 3186 VI
521 3119 587 3209 82).
895 3129 897 3134 ’

143 3235 356 3245 --—-—..—.....

214 3279 240 3345 1)
260 3277 294 3330 da
321 3293 438 3344 quarum
457 3278 565 3350 origine
583 3282 660 3336 recte
678 3295 768 3352 anper
785 3279 942 3351 disputavit
959 3280 1157 3338 Dnemmlerus

141 3373 168 3424 p.
189 3361 391 3506 7ονίὲλιοῦὶτοτ
408 3437 480 3493 dixit
496 3438 620 3508 Luciam,
640 3439 693 3494 Bia
706 3456 795 3497 cocus.
810 3445 845 3496 3³
863 3441 898 3494 de
911 3441 1047 3510 Menippo
1066 3443 1158 3511 γελῶν

128 3507 195 3578 aq'aa
209 3512 326 3571 Mam.
