2452 3832
538 116 758 180 ..50-

140 273 260 363 Vnger)
280 279 449 350 σκωπαίους
468 272 509 352 ὥς
527 294 619 357 φησιν
634 270 650 338 ὁ
667 277 767 355 Τίμων
781 271 849 350 τοὺς
863 276 1066 358 καλουμένους
1079 277 1163 360 παρά

140 397 197 440 τισι
220 378 394 454 στίλπωνας,
418 378 500 454 quod
523 376 581 436 etsi
604 379 713 454 arguto
737 375 865 437 artificio
890 375 1025 437 adhibito
1044 381 1163 454 poteris

142 476 276 536 Timonis
296 475 372 534 sillis
392 492 511 534 servare
531 474 576 534 ita
594 477 630 532 ut
647 477 737 549 putes
757 473 893 533 extitisse
907 475 1001 538 talem
1014 475 1080 535 fere
1095 497 1163 538 ver-

142 592 223 634 sum:
237 565 330 634 'elion
348 564 572 631 exauctorata
590 567 640 629 καὶ
658 568 806 630 στίλπωνα
822 572 955 649 καλοῦσι,
975 590 1035 649 quo
1051 573 1162 636 Timon

144 671 313 749 Stilponem
340 668 493 729 hominem
521 667 703 729 obscaenum
726 658 778 747 (ci.
803 667 934 728 Cratetis
956 670 992 728 fr.
1016 661 1047 751 Ι)
1072 672 1163 748 quasi

142 787 268 847 nanum,
292 771 329 828 ut
347 767 497 826 Zenonem
520 783 625 843 anum,
649 765 858 845 castigaverit,
882 770 984 826 tamen
1007 767 1070 826 leni
1093 789 1161 829 mu·

142 868 257 930 tatione
291 885 360 926 cum
393 865 446 924 Th.
474 855 644 944 Roeper01)
675 860 797 941 Τίμαιος
828 881 936 924 nomen
967 883 1022 940 pro
1060 863 1163 943 Τίμων

143 964 298 1026 scribendo
326 966 394 1024 tota
420 980 468 1022 res
495 966 559 1022 tam
586 959 676 1020 facile
704 963 736 1020 et
757 961 848 1037 plane
878 961 1037 1038 expeditur
1064 967 1102 1023 ut
1131 963 1163 1024 in

142 1064 198 1123 hac
221 1061 396 1120 coniectura
419 1059 609 1137 acquiescere
631 1060 774 1133 praestet.

210 1158 276 1217 Iam
298 1175 370 1218 vero
394 1156 563 1214 silloru'm
586 1154 806 1214 intellectus
829 1155 879 1215 vel
901 1155 1056 1215 veteribus
1075 1157 1162 1220 visus

143 1261 189 1316 est
220 1258 269 1315 tot
299 1251 533 1312 difficultatibus
561 1252 735 1312 obstructus
763 1267 840 1329 esse,
872 1255 909 1312 ut
935 1256 1162 1316 commentariis

143 1351 349 1431 singularibus
369 1369 420 1411 eos
439 1351 636 1427 explanarent
655 1340 827 1430 (usupra).
864 1348 896 1408 id
915 1349 1037 1427 quidem
1056 1352 1162 1430 aliqua

144 1469 180 1510 ex
197 1453 285 1528 parte
303 1448 373 1509 inde
393 1448 570 1525 explicatur,
591 1445 671 1525 quod
690 1445 819 1506 arctiore
838 1447 999 1508 ad'eorum
1018 1450 1162 1510 acumina

142 1547 362 1626 perspicienda
383 1564 458 1623 opus
492 1550 538 1605 eet
569 1543 779 1604 familiaritate
808 1561 878 1605 cum
900 1543 1028 1605 Graecis
1061 1546 1161 1623 philo·

144 1645 245 1723 sophis
273 1649 441 1720 contracta3
474 1644 527 1704 sed
554 1645 625 1703 sunt
653 1640 746 1700 etiam
772 1641 840 1718 ipsa
867 1643 1019 1720 acumina,
1048 1643 1161 1722 quibus

143 1743 204 1803 silli
236 1743 404 1819 abundant,
436 1741 519 1800 haud
549 1758 618 1799 raro
653 1738 862 1817 exquisitiora,
895 1739 1079 1817 aliquotiens
1111 1743 1161 1803 vel

143 1840 360 1901 artificioeiora.
402 1839 433 1897 id
457 1838 580 1916 quidem
603 1855 672 1897 cum
695 1834 833 1896 omnibus
856 1836 977 1912 parodis
1001 1855 1161 1899 commune

143 1936 235 1996 habet
254 1936 374 2012 Timon,
399 1934 481 2015 quoti
498 1952 610 2012 magna
634 1933 835 1994 cavillationis
859 1933 905 1994 vis
928 1933 1008 1994 inest
1029 1934 1090 2012 ipsi
1113 1955 1161 1997 ra·

142 2034 220 2093 ticni
247 2051 283 2091 er
311 2051 372 2109 qua
399 2030 512 2091 detorti
540 2034 612 2091 sunt
639 2030 792 2116 Homerici
819 2049 937 2109 versus,
971 2051 1048 2110 quos
1079 2033 1162 2094 infra

144 2130 265 2208 singula
283 2130 455 2208 fragmenta
474 2147 592 2206 semper
605 2128 710 2196 curavi
724 2127 943 2188 adscribendos.
972 2129 1048 2189 satis
1067 2132 1161 2192 etium

143 2226 306 2304 conspicua
321 2231 371 2287 est
389 2226 476 2304 copia
495 2225 755 2302 comparationum
774 2227 805 2284 et
823 2223 991 2303 imaginum
1008 2227 1161 2288 vividissi-

142 2341 260 2385 marum
292 2325 622 2401 acerbissimarumque.
669 2323 721 2381 sed
754 2321 877 2398 propria
914 2321 1051 2382 sillorum
1088 2331 1162 2386 suut

144 2421 204 2481 duo
226 2422 419 2499 potissimum
438 2421 619 2481 facetiarum
637 2437 761 2498 genera,
785 2437 854 2480 cum
873 2419 1110 2482 allitterationes
1131 2427 1161 2483 et

143 2517 452 2597 παραγραμματισμοί,
474 2520 541 2577 tum
560 2515 772 2595 amphiboliae,
796 2535 871 2595 quas
892 2518 999 2578 Timon
1022 2519 1055 2578 in
1078 2538 1160 2580 sum·

143 2614 201 2674 mis
228 2614 344 2675 deliciis
367 2614 487 2674 habuit:
512 2618 543 2673 et
565 2617 652 2690 patet
679 2633 770 2691 quam
797 2615 886 2674 iacile
915 2615 1052 2694 ambigui
1074 2619 1162 2678 verbi

144 2712 299 2773 involucro
337 2711 412 2771 tecti
447 2711 592 2770 lectorem
628 2731 688 2771 nou
724 2712 874 2772 monitum
912 2714 1027 2791 egregii
1060 2717 1162 2776 aculei

144 2805 269 2870 lateant.
318 2811 435 2869 tautam
464 2808 593 2886 denique
621 2809 729 2869 Timon
761 2809 820 2870 sibi
847 2811 976 2887 smnpsit
1003 2811 1162 2872 licentiam

144 2907 176 2967 in
199 2906 356 2985 cudendis,
379 2905 541 2983 praecipue
557 2907 809 2985 conglutinandis
827 2908 913 2969 novis
931 2908 1101 2988 vocabulis,
1126 2918 1164 2973 ut

144 3005 175 3066 in
193 3005 299 3081 paucis
312 3021 390 3082 quae
406 3007 572 3080 supersunt
590 3005 728 3083 reliquiis
741 3006 811 3082 plus
831 3006 988 3084 sexaginta
1006 3009 1162 3084 reperian-

143 3106 195 3162 tur
213 3101 362 3163 vooabula
379 3094 457 3174 ἅπαξ
475 3097 614 3179 εἰρημένα
632 3103 777 3180 pleraque
797 3103 918 3179 abipso
938 3102 1009 3164 ficta
1028 3124 1161 3182 quorum

143 3198 224 3257 infra
247 3197 375 3274 apposui
398 3197 528 3258 indicem
551 3217 587 3258 ex
609 3199 783 3260 litterarum
806 3200 909 3260 ordine
934 3200 1095 3279 digestum.

143 3336 355 3346 ...ι--η--ω--κ

177 3421 244 3552 282
265 3415 304 3476 cl.
324 3417 459 3477 Meinelrii
477 3437 562 3478 arara
581 3422 613 3477 ia
632 3421 729 3477 Athen.
749 3421 775 3476 II
792 3439 819 3492 p.
839 3427 874 3477 22
894 3445 927 3468 -
948 3423 1022 3479 canl.
1042 3425 1074 3480 ia
1092 3427 1160 3483 Art.

123 3515 155 3562 p.
