2454 3840
74 137 330 200 sammaa
467 151 504 160 —
555 113 617 180 167
667 151 705 158 —

75 272 110 339 roi
141 273 259 356 τέτταρα
285 271 365 358 πρὸς
388 281 448 352 τοῖς
475 273 639 357 εἰρημένοις
666 279 724 358 μήν
750 274 919 356 προστιθείς
945 271 1092 355 τέταρτον.

75 378 181 454 itaque
209 380 284 453 quot
306 375 409 453 potuit
430 379 478 435 tot
501 375 601 453 coegit
624 365 695 456 (ὅσα
718 372 820 435 ἐσθενε
842 368 966 435 τοσσάδε
989 367 1089 456 elluo)

77 474 227 548 elementa
251 493 346 551 eaque
371 493 407 533 ex
430 473 556 534 arbitrio
580 491 635 533 suo
659 463 774 554 (ἄρχων
794 463 849 554 ἀς)
869 471 1029 533 constituit
1047 472 1092 533 Ita

75 575 253 648 comparata
275 575 311 631 ut
334 571 403 631 aliis
425 571 597 649 indigerent
615 562 782 651 (ἐπιδευέας
800 562 922 652 ἀλλων),
945 589 1014 631 cum
1032 571 1092 630 sin·

77 669 151 748 gula
181 688 237 751 per
264 687 295 728 se
323 669 399 728 nihil
426 673 550 746 possent
576 687 734 745 procreare
762 669 814 728 sed
842 667 940 728 solum
963 661 1093 750 Ἀνοίμκη

76 767 261 844 moderante,
286 766 377 826 simul
402 765 489 849 Φιλίηι
513 770 568 826 aut
590 763 693 827 Νείκει
715 767 847 844 impulsa
870 757 922 847 (cf.
944 765 1093 842 Theophr.

75 863 163 942 phys.
183 884 229 941 op.
249 864 285 923 fr.
306 866 324 924 3
343 885 373 941 p.
392 865 466 941 478,
488 867 504 923 1
524 865 618 924 Diels.
643 868 673 924 et
691 864 759 925 Aet.
778 866 855 942 plac.
875 863 948 941 phil.
967 863 983 922 I
1003 865 1053 939 26,
1075 865 1091 921 1

77 981 106 1038 p.
132 963 211 1019 321⁸
236 953 301 1041 13).
348 955 439 1020 simul
461 964 564 1020 tamen
587 963 755 1040 castigatur
777 961 983 1039 Empedocles,
1013 959 1095 1038 quod

77 1057 143 1135 ipse
168 1059 255 1136 qnasi
277 1076 329 1117 rex
352 1057 389 1117 ab
413 1058 623 1136 Agrigentinis
650 1061 815 1120 honoratus
839 1051 953 1140 (ἀρχων
976 1051 1028 1134 aa
1056 1049 1093 1116 cf.

77 1139 178 1214 Laert.
209 1154 296 1232 Diog.
320 1154 398 1214 VIII
427 1147 482 1237 73)
516 1156 552 1220 in
586 1176 691 1216 eornm
723 1157 846 1238 cicitate
879 1153 1095 1216 democratiam

77 1241 211 1333 (ἰσότητα
234 1245 386 1330 πολιτικήν
408 1251 508 1312 Laert.
527 1253 603 1313 VIII
624 1247 679 1338 72)
708 1253 879 1331 constitui,
908 1253 952 1313 Ita
978 1255 1015 1312 ut
1041 1271 1095 1328 po·

77 1350 208 1410 tentiam
239 1349 431 1410 multitudini
459 1341 528 1432 (όσα
551 1349 655 1412 ἔσθενε
676 1348 799 1413 τοσσάδε
823 1342 923 1432 είλων)
947 1350 1096 1411 tribueret

79 1451 111 1507 et
133 1448 292 1524 imperium
316 1467 407 1524 penes
428 1467 477 1508 eos
497 1468 561 1509 esse
578 1433 801 1528 velletquibus
820 1449 893 1527 ipsis
912 1449 1094 1526 imperatore

79 1562 155 1622 opus
178 1549 258 1606 esset
281 1536 448 1627 (ἐπιδευέας
471 1540 590 1629 ἀλλων).
609 1579 644 1588 -
667 1548 744 1608 hanc
767 1547 992 1608 cavillationem
1013 1546 1095 1606 deni·

80 1662 138 1720 que
163 1643 256 1703 etiam
279 1642 465 1703 acerbiorem
486 1645 618 1704 reddidit
641 1644 895 1721 annominarione,
920 1663 996 1721 quae
1015 1644 1096 1703 inter

78 1734 179 1818 ἅρχων
203 1744 234 1800 et
257 1733 348 1819 ἀρχοὶς
370 1740 463 1802 verba
486 1741 642 1818 eleganter
664 1742 832 1802 intercedIt.

482 1932 695 1942 —an—

578 2095 602 2160 L·

126 2214 163 2282 ἐκ
186 2210 217 2281 δ’
244 2211 309 2303 ἀριι
331 2217 400 2281 τοῖν
422 2210 598 2284 ἀπέκλινεν
622 2213 640 2284 ό
665 2218 792 2303 λαξόος,
817 2218 1073 2306 ἐννομολέσχης,

124 2317 296 2412 Ἑλλήνων
320 2319 486 2417 ἐπαοιδός,
509 2319 752 2417 ἀκριβολόγους
775 2323 968 2412 ἀποφήνας,

127 2422 255 2528 μυκιήρ
279 2437 534 2530 ῥητορόμυκτος,
557 2430 738 2514 ὑπαττικὸς
762 2430 969 2526 είρωνεντής.

150 2644 236 2686 nass.
260 2628 431 2690 Laertius
450 2621 657 2709 Diog.H19
678 2627 788 2710 Δοῦρις
811 2624 844 2691 δὲ
867 2625 918 2690 καὶ
938 2625 1097 2700 δουλεόσαι

82 2715 173 2783 αὐτὸν
204 2722 254 2784 καί
285 2721 468 2807 ἐργάσασθαι
494 2729 612 2802 λίθους’
639 2721 719 2790 είναί
742 2750 771 2789 τε
799 2721 890 2802 αὐτοῦ
918 2725 968 2788 καί
989 2721 1041 2800 κάς
1065 2725 1097 2788 ἐν

78 2811 240 2898 ἀκροπόλει
267 2815 397 2900 Χάριτας
426 2823 501 2885 ένιοί
528 2844 621 2904 φασιν
648 2821 845 2904 ἐνδεδυμένας
873 2819 971 2898 οόσας.
1022 2819 1097 2886 ὅθεν

80 2913 131 2976 καί
157 2918 277 2996 Τίμωνα
300 2917 333 2982 ἐν
355 2925 416 2994 τοῖς
439 2921 546 2995 σίλλοις
569 2923 673 2984 εἰπεῖν·
698 2921 752 2982 «ἐκ
775 2916 803 2982 δ’
828 2953 865 2964 -
888 2915 1097 3001 εἰρωνευτήςν·

81 3002 120 3093 ἦν
142 3008 199 3095 μάρ
222 3014 272 3076 καὶ
295 3014 410 3092 ἐντοῖς
433 3017 597 3100 ῥητορικοῖς
619 3015 731 3096 δεινός,
760 3013 800 3092 δός
823 3036 898 3098 φησι
920 3016 970 3080 καί
990 3012 1097 3096 Ἰδομε-

81 3106 159 3185 νεός.
197 3113 362 3176 Clemens
385 3117 484 3178 Alex.
508 3122 610 3180 strom.
630 3119 645 3178 I
666 3121 716 3196 14,
737 3121 777 3180 63
797 3139 825 3196 p.
848 3120 922 3195 129,
943 3119 986 3178 50
1005 3117 1097 3197 syla,

82 3211 145 3272 352
170 3209 251 3273 Pott.
272 3206 438 3294 Ἀρχέλαος,
466 3205 503 3277 οὗ
526 3210 687 3296 Σωκράτης
711 3209 881 3294 διήκουσεν·
906 3213 959 3276 «ἐκ
983 3209 1010 3276 δ’
1036 3211 1095 3295 ἀρα
1118 3258 1126 3267 -

84 3339 123 3349 -
148 3304 320 3384 ἐπαιοιδός»
350 3306 366 3373 δ
392 3314 491 3392 Τίμων
514 3313 607 3391 φησίν
630 3311 664 3375 ἐν
685 3317 746 3386 τοῖς
769 3315 876 3388 σίλλοις
899 3306 949 3374 διά
971 3307 1003 3376 τδ
1025 3306 1099 3375 ἀπο·

81 3403 245 3469 κεκλικέναι
267 3401 327 3470 ἀπὸ
350 3413 409 3472 τῶν
432 3413 567 3488 φυσικῶν
590 3407 638 3472 ἐπί
660 3403 695 3471 τδι
717 3403 821 3488 ήθικά.
863 3411 995 3472 Sextus
1018 3411 1101 3470 Ilm·

79 3505 145 3583 pir.
169 3507 235 3569 adv.
260 3507 358 3586 dogm.
382 3509 436 3569 18
461 3511 513 3570 τοῦ
537 3506 570 3570 δὲ
592 3503 707 3590 ήδικοῦ
730 3503 825 3589 μόνου
849 3505 1016 3585 ἐπεμελεῖτο
1038 3509 1108 3561 Σοσ-
