2454 3840
67 147 118 188 rr.
133 146 288 189 xlv—rvr
457 157 498 166 —
548 119 612 184 115
658 155 700 165 -

68 307 139 346 rum
162 285 313 366 διαφωνία
335 277 492 364 σιαμσιόλλρ
516 276 607 366 οὔσῃ)
631 280 663 344 έν
685 286 746 354 τοῖς
765 282 871 355 σίλλοις
889 278 939 341 καὶ
957 275 973 342 ὁ
994 275 1086 340 Φλιά-

69 401 134 456 σιος
155 383 255 462 Τίμων
278 378 425 460 εἰρηκέναι
447 375 528 441 τάδε·
553 381 617 453 «τίς
636 413 678 422 -
697 380 829 442 πολλοί»,
865 371 1085 460 (Theodore-

68 485 139 541 tus-
155 477 205 538 (δα.
228 478 277 537 aff.
301 497 363 538 eur.
383 477 411 536 V
433 480 472 538 16
492 498 520 554 p.
542 479 631 554 72,6
653 476 736 554 Sylb.
760 470 841 549 ὅπως
868 469 977 548 αύτούς
1007 474 1085 552 [phi-

68 574 226 653 losophos]
259 568 278 652 ἡ
308 568 379 653 κενὴ
408 569 481 648 δόξα
511 567 585 634 κατὰ
618 568 669 636 τὸν
699 574 819 652 Τίμωνα
852 572 908 650 [sic
939 573 1086 652 Sylburg;

73 673 199 750 Τίμαιον
213 672 243 730 B
262 672 395 750 August.
410 690 429 732 ιι
443 675 475 732 et
488 674 514 750 b,
536 672 600 732 Pal.
616 674 642 752 b,
663 671 789 750 Τιμαίου
803 673 834 731 Β
851 692 937 751 mrg.,
954 665 1087 750 Ὅμηρον
1212 694 1215 696 ·

70 769 169 850 vulg]
194 768 289 850 «έριδι
308 803 350 812 -—
371 761 561 852 μέχεσθαιν.)

143 923 170 960 v.
191 911 205 960 1
225 900 274 976 ὅλῃ
294 905 359 962 Eue.
379 904 490 972 BDE,
516 899 580 972 έλλη
600 903 665 959 Eur.
685 902 784 971 om,
804 897 854 972 ὅλη
874 903 939 957 Eun.
959 903 999 972 ΙΙ
1024 903 1088 968 ξον-

72 995 171 1064 έστηκε
191 993 257 1048 Eus.
276 995 299 1047 Ι
314 995 324 1062 ΙΙ
351 1013 377 1049 v.
397 999 414 1048 2
433 993 558 1048 σιωπῶσι
576 991 641 1047 Eue.
662 995 672 1064 ΙΙ
699 1011 726 1049 v.
746 997 762 1046 3
786 987 872 1060 λιίλην
891 991 970 1046 δασέα
995 988 1088 1059 κακὴν

72 1081 158 1138 Glem.
1079 1079 1082 1086 ’

142 1276 237 1318 corr.
269 1257 391 1318 Petitur
417 1258 517 1318 verbis
536 1251 645 1336 Ἠχοῦς
672 1249 838 1336 σύνδρομος
865 1250 950 1335 ὄχλος
978 1257 1087 1334 volgus

73 1355 269 1438 philosophos
298 1355 421 1432 cingens
445 1353 527 1432 quod
550 1373 655 1414 eorum
678 1355 828 1415 orationes
853 1358 883 1414 et
907 1354 1088 1431 disputatio·

72 1472 127 1514 nes
155 1471 272 1529 semper
301 1455 355 1512 aut
383 1450 575 1511 acclamando
604 1454 659 1511 aut
686 1451 835 1512 sibilando
864 1453 988 1528 excipit:
1018 1451 1089 1511 huic

73 1552 170 1630 igitur
192 1554 228 1610 ut
251 1551 406 1626 placerent
433 1566 643 1608 summarum
666 1549 848 1626 garrulitate
870 1549 951 1609 inter
975 1567 1006 1608 se
1030 1549 1089 1608 dis-

74 1645 199 1725 putasse
221 1646 395 1723 philosophi
417 1644 584 1723 finguntur.

547 1945 620 2004 XV]

121 2073 160 2151 τῇ
184 2059 248 2148 γὰρ
272 2067 358 2148 έχων
381 2061 587 2147 Μενέδημον
610 2057 676 2128 ὑπὸ
701 2062 870 2147 στέρνοισι
892 2060 1064 2148 κολυμβδν

120 2167 279 2236 θεύσεται
301 2163 322 2253 ἢ
347 2165 518 2254 Πύρρωνα
540 2165 577 2234 τὸ
602 2169 669 2234 κᾶν
692 2168 789 2253 κρέας
812 2164 833 2254 ἢ
856 2166 1046 2258 Διόδωρον.

357 2351 478 2394 normal
500 2351 665 2395 DETORTVS
689 2351 806 2395 VERSVS

74 2455 107 2509 in
125 2471 151 2508 v.
172 2457 201 2505 1:
223 2469 236 2505 ε
256 2456 308 2506 346
327 2451 360 2523 τῇ
379 2449 425 2520 δέ,
443 2446 509 2506 τόδε
528 2446 689 2522 κρήδεμνον
709 2446 765 2505 ύκὸ
785 2447 924 2522 στέρνοισι
944 2451 985 2520 (et
1004 2451 1044 2505 sic
1063 2455 1093 2507 et

327 2537 453 2610 στέρνοιο
472 2539 638 2608 Aristarch.)
657 2534 795 2594 τανύσσαι

145 2725 230 2767 rrsr.
260 2707 431 2768 Laertius
449 2707 551 2787 Diog.
569 2707 614 2766 IV
634 2710 675 2768 33
700 2701 773 2768 ιἰλλδι
795 2704 847 2768 καί
868 2700 920 2768 τὸν
938 2701 1092 2788 Πύρρωνα

149 2797 284 2883 ἐζηλώκει
306 2801 356 2863 καὶ
379 2806 431 2882 τῆς
454 2803 635 2883 διαλεκτικῆς
657 2804 747 2883 εἴχετο
770 2802 820 2865 καί
841 2807 901 2865 τῶν
918 2798 1092 2885 Ἐρετρικῶν

75 2898 180 2983 ἥπτετο
203 2896 312 2982 λόγων·
335 2895 410 2962 ὅθεν
428 2899 548 2961 ...καί
571 2895 588 2962 δ
613 2901 713 2979 Τίμων
735 2895 781 2962 ἐπ’
803 2895 895 2962 αὐτοῦ
914 2893 1091 2985 (Arcesilai)

77 3018 172 3080 φησιν
186 2993 292 3071 ούτως·
312 3000 368 3078 «τῇ
381 3030 426 3040 -
440 2992 626 3078 Διόδωρον».
652 2997 851 3058 Numenius
866 2997 949 3074 apud
962 2999 1091 3058 Euseb.

76 3117 179 3177 praep.
204 3115 310 3174 evang.
329 3095 401 3156 XIV
416 3097 445 3174 5,
462 3099 502 3156 12
521 3116 551 3174 p.
568 3086 648 3156 729⁶
670 3086 729 3156 ύσσδ
753 3090 807 3173 μὲν
825 3087 997 3174 Κράντορος
1020 3087 1092 3176 (Ar-

78 3187 222 3278 cesilaus)
250 3185 497 3274 σιιθανοοργικύς,
526 3185 585 3254 ύσσὸ
608 3185 765 3271 Διοδσύροο
793 3187 826 3253 δέ
849 3186 1005 3270 σοφιστής,
1033 3185 1092 3253 ύστὸ

79 3290 112 3353 δὲ
130 3286 296 3372 Πύρρωνος
319 3287 431 3371 ἐγένετο
452 3282 642 3363 σιαντοδασιδς
660 3287 711 3349 καί
733 3289 795 3368 ἴτης
817 3287 867 3350 καί
891 3284 1015 3363 ον’δενύς
1034 3282 1092 3372 (sio

77 3390 230 3451 Vsenerus
250 3388 331 3466 apud
345 3389 541 3468 Thedingm
560 3387 597 3447 de
610 3387 761 3448 Numenio
779 3409 808 3466 p.
825 3391 865 3450 31
885 3408 941 3467 pro
956 3382 1046 3449 οὐδὲν
1060 3379 1094 3469 ὅ)

179 3486 280 3566 Τίμων
308 3482 340 3547 δέ
362 3485 413 3549 καί
435 3480 494 3549 ύτσὸ
517 3479 701 3565 Μενεδήμου
724 3478 755 3546 τὸ
779 3479 922 3565 έρισσικύν
946 3501 1021 3564 φησι
1043 3487 1092 3543 λα-

897 3581 933 3636 g*
