<?xml version="1.0" encoding="UTF-8"?>
<!DOCTYPE html PUBLIC "-//W3C//DTD XHTML 1.0 Transitional//EN"
    "http://www.w3.org/TR/xhtml1/DTD/xhtml1-transitional.dtd">
<html xmlns="http://www.w3.org/1999/xhtml" xml:lang="en" lang="en">
 <head>
  <title>
</title>
<meta http-equiv="Content-Type" content="text/html;charset=utf-8" />
  <meta name='ocr-system' content='tesseract 3.04.00' />
  <meta name='ocr-capabilities' content='ocr_page ocr_carea ocr_par ocr_line ocrx_word'/>
</head>
<body>
  <div class='ocr_page' id='page_1' title='image "./corpusculumpoes00brangoog_0136.png"; bbox 0 0 2454 3840; ppageno 0'>
   <div class='ocr_carea' id='block_1_1' title="bbox 63 101 698 168">
    <p class='ocr_par' dir='ltr' id='par_1_1' title="bbox 63 101 698 168">
     <span class='ocr_line' id='line_1_1' title="bbox 63 101 698 168; baseline -0.003 0"><span class='ocrx_word' id='word_1_1' title='bbox 63 128 114 168; x_wconf 74' lang='lat' dir='ltr'><strong>ru.</strong></span> <span class='ocrx_word' id='word_1_2' title='bbox 129 127 225 168; x_wconf 85' lang='lat' dir='ltr'><strong>xxnu.</strong></span> <span class='ocrx_word' id='word_1_3' title='bbox 240 127 303 168; x_wconf 83' lang='lat' dir='ltr'><strong>xxv</strong></span> <span class='ocrx_word' id='word_1_4' title='bbox 455 138 496 147; x_wconf 94' lang='lat'><strong>—</strong></span> <span class='ocrx_word' id='word_1_5' title='bbox 545 101 608 166; x_wconf 79' lang='lat'><strong>129</strong></span> <span class='ocrx_word' id='word_1_6' title='bbox 657 138 698 146; x_wconf 84' lang='lat'><strong>—</strong></span> 
     </span>
    </p>
   </div>
   <div class='ocr_carea' id='block_1_2' title="bbox 64 265 1086 2196">
    <p class='ocr_par' dir='ltr' id='par_1_2' title="bbox 64 265 1084 914">
     <span class='ocr_line' id='line_1_2' title="bbox 64 265 1083 345; baseline 0.002 -17"><span class='ocrx_word' id='word_1_7' title='bbox 64 272 184 344; x_wconf 82' lang='lat' dir='ltr'><strong>tantur,</strong></span> <span class='ocrx_word' id='word_1_8' title='bbox 208 285 277 326; x_wconf 90' lang='lat' dir='ltr'><strong>cum</strong></span> <span class='ocrx_word' id='word_1_9' title='bbox 301 265 553 344; x_wconf 74' lang='lat' dir='ltr'><strong>originationibus</strong></span> <span class='ocrx_word' id='word_1_10' title='bbox 576 265 662 325; x_wconf 91' lang='lat' dir='ltr'><strong>illius</strong></span> <span class='ocrx_word' id='word_1_11' title='bbox 684 265 777 326; x_wconf 85' lang='lat' dir='ltr'><strong>verba</strong></span> <span class='ocrx_word' id='word_1_12' title='bbox 798 267 864 344; x_wconf 83' lang='lat' dir='ltr'><strong>ipsa</strong></span> <span class='ocrx_word' id='word_1_13' title='bbox 886 287 1009 345; x_wconf 86' lang='lat' dir='ltr'><strong>prorsus</strong></span> <span class='ocrx_word' id='word_1_14' title='bbox 1033 271 1083 332; x_wconf 84' lang='lat' dir='ltr'><strong>de·</strong></span> 
     </span>
     <span class='ocr_line' id='line_1_3' title="bbox 64 364 1084 442; baseline 0.004 -18"><span class='ocrx_word' id='word_1_15' title='bbox 64 365 123 426; x_wconf 90' lang='lat' dir='ltr'><strong>leri</strong></span> <span class='ocrx_word' id='word_1_16' title='bbox 151 366 218 425; x_wconf 85' lang='lat' dir='ltr'><strong>visa</strong></span> <span class='ocrx_word' id='word_1_17' title='bbox 246 365 323 432; x_wconf 63' lang='lat' dir='ltr'><strong>sint„</strong></span> <span class='ocrx_word' id='word_1_18' title='bbox 360 364 450 441; x_wconf 88' lang='lat' dir='ltr'><strong>plane</strong></span> <span class='ocrx_word' id='word_1_19' title='bbox 473 381 544 424; x_wconf 88' lang='lat' dir='ltr'><strong>vero</strong></span> <span class='ocrx_word' id='word_1_20' title='bbox 568 382 628 422; x_wconf 92' lang='lat' dir='ltr'><strong>non</strong></span> <span class='ocrx_word' id='word_1_21' title='bbox 657 381 801 442; x_wconf 89' lang='lat' dir='ltr'><strong>assequor</strong></span> <span class='ocrx_word' id='word_1_22' title='bbox 822 366 1018 428; x_wconf 87' lang='lat' dir='ltr'><strong>Duebnerum</strong></span> <span class='ocrx_word' id='word_1_23' title='bbox 1046 370 1084 428; x_wconf 85' lang='lat' dir='ltr'><strong>ad</strong></span> 
     </span>
     <span class='ocr_line' id='line_1_4' title="bbox 64 456 1083 527; baseline 0.003 -3"><span class='ocrx_word' id='word_1_24' title='bbox 64 463 192 524; x_wconf 87' lang='lat' dir='ltr'><strong>Anth0l</strong></span> <span class='ocrx_word' id='word_1_25' title='bbox 219 462 283 521; x_wconf 85' lang='lat' dir='ltr'><strong>Pal.</strong></span> <span class='ocrx_word' id='word_1_26' title='bbox 312 463 332 520; x_wconf 92' lang='lat' dir='ltr'><strong>l.</strong></span> <span class='ocrx_word' id='word_1_27' title='bbox 356 478 378 520; x_wconf 87' lang='lat' dir='ltr'><strong>s.</strong></span> <span class='ocrx_word' id='word_1_28' title='bbox 406 462 480 520; x_wconf 86' lang='lat' dir='ltr'><strong>haec</strong></span> <span class='ocrx_word' id='word_1_29' title='bbox 513 459 704 520; x_wconf 80' lang='lat' dir='ltr'><strong>scribentem:</strong></span> <span class='ocrx_word' id='word_1_30' title='bbox 738 456 865 523; x_wconf 76' lang='lat' dir='ltr'><strong>‘molae</strong></span> <span class='ocrx_word' id='word_1_31' title='bbox 897 464 968 526; x_wconf 82' lang='lat' dir='ltr'><strong>Assi</strong></span> <span class='ocrx_word' id='word_1_32' title='bbox 1000 467 1083 527; x_wconf 90' lang='lat' dir='ltr'><strong>urbis</strong></span> 
     </span>
     <span class='ocr_line' id='line_1_5' title="bbox 64 557 1084 641; baseline 0.006 -21"><span class='ocrx_word' id='word_1_33' title='bbox 64 560 176 638; x_wconf 81' lang='lat' dir='ltr'><strong>respici</strong></span> <span class='ocrx_word' id='word_1_34' title='bbox 192 559 346 636; x_wconf 77' lang='lat' dir='ltr'><strong>videntur3</strong></span> <span class='ocrx_word' id='word_1_35' title='bbox 365 577 436 618; x_wconf 90' lang='lat' dir='ltr'><strong>nam</strong></span> <span class='ocrx_word' id='word_1_36' title='bbox 455 577 492 618; x_wconf 89' lang='lat' dir='ltr'><strong>ex</strong></span> <span class='ocrx_word' id='word_1_37' title='bbox 509 557 565 618; x_wconf 87' lang='lat' dir='ltr'><strong>hac</strong></span> <span class='ocrx_word' id='word_1_38' title='bbox 584 558 659 619; x_wconf 88' lang='lat' dir='ltr'><strong>urbe</strong></span> <span class='ocrx_word' id='word_1_39' title='bbox 678 557 785 620; x_wconf 87' lang='lat' dir='ltr'><strong>Persas</strong></span> <span class='ocrx_word' id='word_1_40' title='bbox 804 561 942 622; x_wconf 85' lang='lat' dir='ltr'><strong>triticum</strong></span> <span class='ocrx_word' id='word_1_41' title='bbox 959 565 1084 641; x_wconf 87' lang='lat' dir='ltr'><strong>petiisse</strong></span> 
     </span>
     <span class='ocr_line' id='line_1_6' title="bbox 65 651 1083 740; baseline 0.004 -22"><span class='ocrx_word' id='word_1_42' title='bbox 65 659 98 718; x_wconf 93' lang='lat' dir='ltr'><strong>in</strong></span> <span class='ocrx_word' id='word_1_43' title='bbox 112 677 203 718; x_wconf 85' lang='lat' dir='ltr'><strong>neum</strong></span> <span class='ocrx_word' id='word_1_44' title='bbox 221 676 311 718; x_wconf 87' lang='lat' dir='ltr'><strong>suum</strong></span> <span class='ocrx_word' id='word_1_45' title='bbox 329 657 416 717; x_wconf 90' lang='lat' dir='ltr'><strong>testis</strong></span> <span class='ocrx_word' id='word_1_46' title='bbox 436 659 483 716; x_wconf 89' lang='lat' dir='ltr'><strong>est</strong></span> <span class='ocrx_word' id='word_1_47' title='bbox 497 655 607 716; x_wconf 81' lang='lat' dir='ltr'><strong>Strabo</strong></span> <span class='ocrx_word' id='word_1_48' title='bbox 621 655 677 714; x_wconf 88' lang='lat' dir='ltr'><strong>XV</strong></span> <span class='ocrx_word' id='word_1_49' title='bbox 695 677 724 733; x_wconf 89' lang='lat' dir='ltr'><strong>p.</strong></span> <span class='ocrx_word' id='word_1_50' title='bbox 742 651 830 734; x_wconf 73' lang='lat'>735&#39;3</span> <span class='ocrx_word' id='word_1_51' title='bbox 854 659 907 718; x_wconf 94' lang='lat' dir='ltr'><strong>nbi</strong></span> <span class='ocrx_word' id='word_1_52' title='bbox 926 665 981 721; x_wconf 85' lang='lat' dir='ltr'><strong>aut</strong></span> <span class='ocrx_word' id='word_1_53' title='bbox 1000 682 1083 740; x_wconf 80' lang='lat' dir='ltr'><strong>egre·</strong></span> 
     </span>
     <span class='ocr_line' id='line_1_7' title="bbox 65 753 1084 840; baseline 0.006 -25"><span class='ocrx_word' id='word_1_54' title='bbox 65 757 116 836; x_wconf 83' lang='lat' dir='ltr'><strong>gie</strong></span> <span class='ocrx_word' id='word_1_55' title='bbox 146 756 238 815; x_wconf 85' lang='lat' dir='ltr'><strong>fallor</strong></span> <span class='ocrx_word' id='word_1_56' title='bbox 265 757 321 814; x_wconf 85' lang='lat' dir='ltr'><strong>aut</strong></span> <span class='ocrx_word' id='word_1_57' title='bbox 348 753 581 814; x_wconf 75' lang='lat' dir='ltr'><strong>intolerabiliter</strong></span> <span class='ocrx_word' id='word_1_58' title='bbox 612 753 711 814; x_wconf 82' lang='lat' dir='ltr'><strong>latina</strong></span> <span class='ocrx_word' id='word_1_59' title='bbox 742 772 812 814; x_wconf 88' lang='lat' dir='ltr'><strong>cum</strong></span> <span class='ocrx_word' id='word_1_60' title='bbox 840 775 949 834; x_wconf 76' lang='lat' dir='ltr'><strong>graeca</strong></span> <span class='ocrx_word' id='word_1_61' title='bbox 976 760 1084 840; x_wconf 84' lang='lat' dir='ltr'><strong>lingua</strong></span> 
     </span>
     <span class='ocr_line' id='line_1_8' title="bbox 64 854 269 914; baseline -0.02 0"><span class='ocrx_word' id='word_1_62' title='bbox 64 854 192 914; x_wconf 84' lang='lat' dir='ltr'><strong>confusa</strong></span> <span class='ocrx_word' id='word_1_63' title='bbox 215 855 269 912; x_wconf 89' lang='lat' dir='ltr'><strong>est.</strong></span> 
     </span>
    </p>

    <p class='ocr_par' dir='ltr' id='par_1_3' title="bbox 65 937 1086 2102">
     <span class='ocr_line' id='line_1_9' title="bbox 133 937 1085 1028; baseline 0.006 -19"><span class='ocrx_word' id='word_1_64' title='bbox 133 950 272 1028; x_wconf 90' lang='lat' dir='ltr'><strong>Denique</strong></span> <span class='ocrx_word' id='word_1_65' title='bbox 295 937 388 1025; x_wconf 76' lang='grc' dir='ltr'><strong><em>ὅλμον</em></strong></span> <span class='ocrx_word' id='word_1_66' title='bbox 406 948 560 1008; x_wconf 85' lang='lat' dir='ltr'><strong>lacobsius</strong></span> <span class='ocrx_word' id='word_1_67' title='bbox 584 948 623 1006; x_wconf 85' lang='lat' dir='ltr'><strong>ad</strong></span> <span class='ocrx_word' id='word_1_68' title='bbox 641 947 765 1008; x_wconf 79' lang='lat' dir='ltr'><strong>Anthol.</strong></span> <span class='ocrx_word' id='word_1_69' title='bbox 780 949 877 1012; x_wconf 86' lang='lat' dir='ltr'><strong>Palat.</strong></span> <span class='ocrx_word' id='word_1_70' title='bbox 891 953 911 1011; x_wconf 91' lang='lat' dir='ltr'><strong>l.</strong></span> <span class='ocrx_word' id='word_1_71' title='bbox 927 971 949 1012; x_wconf 90' lang='lat' dir='ltr'><strong>s.</strong></span> <span class='ocrx_word' id='word_1_72' title='bbox 964 955 1022 1015; x_wconf 87' lang='lat' dir='ltr'><strong>vol.</strong></span> <span class='ocrx_word' id='word_1_73' title='bbox 1037 956 1085 1015; x_wconf 88' lang='lat'><strong>111</strong></span> 
     </span>
     <span class='ocr_line' id='line_1_10' title="bbox 65 1039 1085 1132; baseline 0.005 -24"><span class='ocrx_word' id='word_1_74' title='bbox 65 1041 163 1132; x_wconf 84' lang='lat' dir='ltr'><strong>(Lips.</strong></span> <span class='ocrx_word' id='word_1_75' title='bbox 190 1039 290 1128; x_wconf 80' lang='lat'>1817)</span> <span class='ocrx_word' id='word_1_76' title='bbox 318 1066 347 1123; x_wconf 92' lang='lat' dir='ltr'><strong>p.</strong></span> <span class='ocrx_word' id='word_1_77' title='bbox 372 1047 435 1106; x_wconf 80' lang='lat'><strong>705</strong></span> <span class='ocrx_word' id='word_1_78' title='bbox 464 1047 587 1123; x_wconf 86' lang='lat' dir='ltr'><strong>putavit</strong></span> <span class='ocrx_word' id='word_1_79' title='bbox 614 1044 790 1107; x_wconf 78' lang='lat' dir='ltr'><strong>Cleanthem</strong></span> <span class='ocrx_word' id='word_1_80' title='bbox 818 1050 877 1109; x_wconf 91' lang='lat' dir='ltr'><strong>dici</strong></span> <span class='ocrx_word' id='word_1_81' title='bbox 905 1050 943 1110; x_wconf 92' lang='lat' dir='ltr'><strong>ob</strong></span> <span class='ocrx_word' id='word_1_82' title='bbox 971 1053 1085 1130; x_wconf 84' lang='lat' dir='ltr'><strong>ingenii</strong></span> 
     </span>
     <span class='ocr_line' id='line_1_11' title="bbox 66 1142 1084 1227; baseline 0.006 -21"><span class='ocrx_word' id='word_1_83' title='bbox 66 1146 211 1206; x_wconf 87' lang='lat' dir='ltr'><strong>duritiem</strong></span> <span class='ocrx_word' id='word_1_84' title='bbox 231 1147 262 1203; x_wconf 92' lang='lat' dir='ltr'><strong>et</strong></span> <span class='ocrx_word' id='word_1_85' title='bbox 280 1143 442 1203; x_wconf 89' lang='lat' dir='ltr'><strong>laborem</strong></span> <span class='ocrx_word' id='word_1_86' title='bbox 460 1142 697 1203; x_wconf 87' lang='lat' dir='ltr'><strong>indefessum:</strong></span> <span class='ocrx_word' id='word_1_87' title='bbox 720 1146 801 1223; x_wconf 91' lang='lat' dir='ltr'><strong>quod</strong></span> <span class='ocrx_word' id='word_1_88' title='bbox 819 1149 919 1209; x_wconf 86' lang='lat' dir='ltr'><strong>nescio</strong></span> <span class='ocrx_word' id='word_1_89' title='bbox 935 1151 1084 1227; x_wconf 89' lang='lat' dir='ltr'><strong>quomodo</strong></span> 
     </span>
     <span class='ocr_line' id='line_1_12' title="bbox 66 1241 1085 1324; baseline 0.003 -19"><span class='ocrx_word' id='word_1_90' title='bbox 66 1246 224 1305; x_wconf 88' lang='lat' dir='ltr'><strong>assecutus</strong></span> <span class='ocrx_word' id='word_1_91' title='bbox 244 1242 293 1303; x_wconf 90' lang='lat' dir='ltr'><strong>sit.</strong></span> <span class='ocrx_word' id='word_1_92' title='bbox 330 1241 434 1318; x_wconf 86' lang='lat' dir='ltr'><strong>aliqua</strong></span> <span class='ocrx_word' id='word_1_93' title='bbox 454 1243 593 1317; x_wconf 85' lang='lat' dir='ltr'><strong>exparte</strong></span> <span class='ocrx_word' id='word_1_94' title='bbox 612 1241 707 1318; x_wconf 90' lang='lat' dir='ltr'><strong>probo</strong></span> <span class='ocrx_word' id='word_1_95' title='bbox 726 1243 912 1305; x_wconf 88' lang='lat' dir='ltr'><strong>Meinekinm</strong></span> <span class='ocrx_word' id='word_1_96' title='bbox 930 1247 962 1306; x_wconf 89' lang='lat' dir='ltr'><strong>in</strong></span> <span class='ocrx_word' id='word_1_97' title='bbox 980 1249 1085 1324; x_wconf 87' lang='lat' dir='ltr'><strong>philol.</strong></span> 
     </span>
     <span class='ocr_line' id='line_1_13' title="bbox 65 1339 1086 1422; baseline 0.006 -21"><span class='ocrx_word' id='word_1_98' title='bbox 65 1342 142 1402; x_wconf 87' lang='lat' dir='ltr'><strong>XIH</strong></span> <span class='ocrx_word' id='word_1_99' title='bbox 164 1363 193 1419; x_wconf 90' lang='lat' dir='ltr'><strong>p.</strong></span> <span class='ocrx_word' id='word_1_100' title='bbox 213 1342 292 1417; x_wconf 82' lang='lat'>535,</span> <span class='ocrx_word' id='word_1_101' title='bbox 320 1339 375 1416; x_wconf 90' lang='lat' dir='ltr'><strong>qni</strong></span> <span class='ocrx_word' id='word_1_102' title='bbox 400 1339 552 1399; x_wconf 91' lang='lat' dir='ltr'><strong>hominem</strong></span> <span class='ocrx_word' id='word_1_103' title='bbox 580 1339 760 1418; x_wconf 82' lang='lat' dir='ltr'><strong>languidum</strong></span> <span class='ocrx_word' id='word_1_104' title='bbox 787 1342 952 1422; x_wconf 79' lang='lat' dir='ltr'><strong>significari</strong></span> <span class='ocrx_word' id='word_1_105' title='bbox 975 1347 1086 1406; x_wconf 77' lang='lat' dir='ltr'><strong>statuit</strong></span> 
     </span>
     <span class='ocr_line' id='line_1_14' title="bbox 66 1430 1084 1519; baseline 0.005 -19"><span class='ocrx_word' id='word_1_106' title='bbox 66 1440 179 1501; x_wconf 91' lang='lat' dir='ltr'><strong>collato</strong></span> <span class='ocrx_word' id='word_1_107' title='bbox 201 1435 393 1498; x_wconf 89' lang='lat' dir='ltr'><strong>Artemidoro</strong></span> <span class='ocrx_word' id='word_1_108' title='bbox 418 1435 551 1496; x_wconf 89' lang='lat' dir='ltr'><strong>Onirocr.</strong></span> <span class='ocrx_word' id='word_1_109' title='bbox 574 1436 670 1498; x_wconf 77' lang='lat'>1142</span> <span class='ocrx_word' id='word_1_110' title='bbox 698 1430 773 1519; x_wconf 85' lang='lat' dir='ltr'><strong>(non</strong></span> <span class='ocrx_word' id='word_1_111' title='bbox 795 1443 848 1518; x_wconf 78' lang='lat'><strong>47,</strong></span> <span class='ocrx_word' id='word_1_112' title='bbox 871 1443 958 1503; x_wconf 89' lang='lat' dir='ltr'><strong>cuius</strong></span> <span class='ocrx_word' id='word_1_113' title='bbox 981 1447 1084 1505; x_wconf 87' lang='lat' dir='ltr'><strong>tamen</strong></span> 
     </span>
     <span class='ocr_line' id='line_1_15' title="bbox 67 1532 1084 1620; baseline 0.004 -23"><span class='ocrx_word' id='word_1_114' title='bbox 67 1535 279 1614; x_wconf 86' lang='lat' dir='ltr'><strong>interpretatio</strong></span> <span class='ocrx_word' id='word_1_115' title='bbox 303 1534 409 1610; x_wconf 90' lang='lat' dir='ltr'><strong>opinor</strong></span> <span class='ocrx_word' id='word_1_116' title='bbox 432 1534 528 1593; x_wconf 81' lang='lat' dir='ltr'><strong>solam</strong></span> <span class='ocrx_word' id='word_1_117' title='bbox 550 1551 613 1592; x_wconf 91' lang='lat' dir='ltr'><strong>rem</strong></span> <span class='ocrx_word' id='word_1_118' title='bbox 636 1553 795 1595; x_wconf 84' lang='lat' dir='ltr'><strong>veneream</strong></span> <span class='ocrx_word' id='word_1_119' title='bbox 819 1532 997 1620; x_wconf 75' lang='lat' dir='ltr'><strong>spectavit);</strong></span> <span class='ocrx_word' id='word_1_120' title='bbox 1021 1559 1084 1601; x_wconf 90' lang='lat' dir='ltr'><strong>esse</strong></span> 
     </span>
     <span class='ocr_line' id='line_1_16' title="bbox 68 1625 1085 1716; baseline 0.002 -21"><span class='ocrx_word' id='word_1_121' title='bbox 68 1635 149 1695; x_wconf 88' lang='lat' dir='ltr'><strong>enim</strong></span> <span class='ocrx_word' id='word_1_122' title='bbox 167 1628 258 1712; x_wconf 76' lang='grc' dir='ltr'><strong><em>ὅλμον</em></strong></span> <span class='ocrx_word' id='word_1_123' title='bbox 277 1632 322 1692; x_wconf 85' lang='lat' dir='ltr'><strong>eit</strong></span> <span class='ocrx_word' id='word_1_124' title='bbox 340 1631 504 1708; x_wconf 80' lang='lat' dir='ltr'><strong>imaginem</strong></span> <span class='ocrx_word' id='word_1_125' title='bbox 524 1625 621 1690; x_wconf 74' lang='lat' dir='ltr'><strong>‘eines</strong></span> <span class='ocrx_word' id='word_1_126' title='bbox 634 1632 776 1707; x_wconf 83' lang='lat' dir='ltr'><strong>passiven</strong></span> <span class='ocrx_word' id='word_1_127' title='bbox 795 1630 982 1696; x_wconf 83' lang='lat' dir='ltr'><strong>Zustandes&#39;.</strong></span> <span class='ocrx_word' id='word_1_128' title='bbox 1015 1656 1085 1716; x_wconf 81' lang='lat' dir='ltr'><strong>nam</strong></span> 
     </span>
     <span class='ocr_line' id='line_1_17' title="bbox 67 1723 1086 1809; baseline 0.002 -17"><span class='ocrx_word' id='word_1_129' title='bbox 67 1734 137 1809; x_wconf 86' lang='lat' dir='ltr'><strong>pest</strong></span> <span class='ocrx_word' id='word_1_130' title='bbox 168 1730 253 1803; x_wconf 73' lang='grc' dir='ltr'><strong><em>λίθος</em></strong></span> <span class='ocrx_word' id='word_1_131' title='bbox 274 1725 392 1801; x_wconf 72' lang='grc' dir='ltr'><strong><em>Ἄσσιος</em></strong></span> <span class='ocrx_word' id='word_1_132' title='bbox 423 1729 523 1806; x_wconf 92' lang='lat' dir='ltr'><strong>posito</strong></span> <span class='ocrx_word' id='word_1_133' title='bbox 555 1728 703 1789; x_wconf 87' lang='lat' dir='ltr'><strong>vocabulo</strong></span> <span class='ocrx_word' id='word_1_134' title='bbox 731 1723 820 1808; x_wconf 76' lang='grc' dir='ltr'><strong><em>ὅλμος</em></strong></span> <span class='ocrx_word' id='word_1_135' title='bbox 848 1749 920 1790; x_wconf 83' lang='lat' dir='ltr'><strong>sanc</strong></span> <span class='ocrx_word' id='word_1_136' title='bbox 947 1735 1086 1794; x_wconf 87' lang='lat' dir='ltr'><strong>mortarii</strong></span> 
     </span>
     <span class='ocr_line' id='line_1_18' title="bbox 67 1826 1085 1906; baseline 0.002 -16"><span class='ocrx_word' id='word_1_137' title='bbox 67 1830 152 1890; x_wconf 92' lang='lat' dir='ltr'><strong>notio</strong></span> <span class='ocrx_word' id='word_1_138' title='bbox 175 1829 272 1889; x_wconf 86' lang='lat' dir='ltr'><strong>inesse</strong></span> <span class='ocrx_word' id='word_1_139' title='bbox 295 1826 425 1906; x_wconf 81' lang='lat' dir='ltr'><strong>ridetur,</strong></span> <span class='ocrx_word' id='word_1_140' title='bbox 449 1827 493 1886; x_wconf 91' lang='lat' dir='ltr'><strong>ita</strong></span> <span class='ocrx_word' id='word_1_141' title='bbox 515 1829 618 1886; x_wconf 85' lang='lat' dir='ltr'><strong>tamen</strong></span> <span class='ocrx_word' id='word_1_142' title='bbox 640 1830 676 1886; x_wconf 90' lang='lat' dir='ltr'><strong>ut</strong></span> <span class='ocrx_word' id='word_1_143' title='bbox 700 1831 731 1887; x_wconf 91' lang='lat' dir='ltr'><strong>et</strong></span> <span class='ocrx_word' id='word_1_144' title='bbox 753 1827 868 1905; x_wconf 77' lang='lat' dir='ltr'><strong>ingenii</strong></span> <span class='ocrx_word' id='word_1_145' title='bbox 886 1828 1014 1890; x_wconf 92' lang='lat' dir='ltr'><strong>durities</strong></span> <span class='ocrx_word' id='word_1_146' title='bbox 1032 1851 1085 1892; x_wconf 91' lang='lat' dir='ltr'><strong>no-</strong></span> 
     </span>
     <span class='ocr_line' id='line_1_19' title="bbox 66 1923 1085 2005; baseline 0.001 -18"><span class='ocrx_word' id='word_1_147' title='bbox 66 1929 152 1988; x_wconf 86' lang='lat' dir='ltr'><strong>tetur</strong></span> <span class='ocrx_word' id='word_1_148' title='bbox 175 1931 206 1986; x_wconf 90' lang='lat' dir='ltr'><strong>et</strong></span> <span class='ocrx_word' id='word_1_149' title='bbox 228 1925 351 2004; x_wconf 81' lang='lat' dir='ltr'><strong>ignavia</strong></span> <span class='ocrx_word' id='word_1_150' title='bbox 375 1945 410 1985; x_wconf 89' lang='lat' dir='ltr'><strong>ex</strong></span> <span class='ocrx_word' id='word_1_151' title='bbox 432 1943 493 2002; x_wconf 84' lang='lat' dir='ltr'><strong>qua</strong></span> <span class='ocrx_word' id='word_1_152' title='bbox 510 1923 587 1982; x_wconf 89' lang='lat' dir='ltr'><strong>nihil</strong></span> <span class='ocrx_word' id='word_1_153' title='bbox 606 1941 662 1983; x_wconf 83' lang='lat' dir='ltr'><strong>sua</strong></span> <span class='ocrx_word' id='word_1_154' title='bbox 680 1928 786 2001; x_wconf 89' lang='lat' dir='ltr'><strong>sponte</strong></span> <span class='ocrx_word' id='word_1_155' title='bbox 804 1929 968 2005; x_wconf 85' lang='lat' dir='ltr'><strong>perpetret,</strong></span> <span class='ocrx_word' id='word_1_156' title='bbox 987 1930 1085 1988; x_wconf 91' lang='lat' dir='ltr'><strong>solum</strong></span> 
     </span>
     <span class='ocr_line' id='line_1_20' title="bbox 67 2020 723 2102; baseline -0.005 -19"><span class='ocrx_word' id='word_1_157' title='bbox 67 2024 186 2102; x_wconf 86' lang='lat' dir='ltr'><strong>pistillo</strong></span> <span class='ocrx_word' id='word_1_158' title='bbox 209 2022 331 2082; x_wconf 89' lang='lat' dir='ltr'><strong>aliunde</strong></span> <span class='ocrx_word' id='word_1_159' title='bbox 355 2023 449 2082; x_wconf 86' lang='lat' dir='ltr'><strong>allato</strong></span> <span class='ocrx_word' id='word_1_160' title='bbox 474 2020 591 2098; x_wconf 90' lang='lat' dir='ltr'><strong>aliquid</strong></span> <span class='ocrx_word' id='word_1_161' title='bbox 613 2021 723 2081; x_wconf 83' lang='lat' dir='ltr'><strong>vulcat.</strong></span> 
     </span>
    </p>

    <p class='ocr_par' dir='ltr' id='par_1_4' title="bbox 135 2110 1012 2196">
     <span class='ocr_line' id='line_1_21' title="bbox 135 2110 1012 2196; baseline 0.001 -15"><span class='ocrx_word' id='word_1_162' title='bbox 135 2120 277 2182; x_wconf 84' lang='lat' dir='ltr'><strong>Getarum</strong></span> <span class='ocrx_word' id='word_1_163' title='bbox 299 2120 462 2180; x_wconf 85' lang='lat' dir='ltr'><strong>manifesta</strong></span> <span class='ocrx_word' id='word_1_164' title='bbox 484 2118 516 2178; x_wconf 89' lang='lat' dir='ltr'><strong>in</strong></span> <span class='ocrx_word' id='word_1_165' title='bbox 538 2110 627 2196; x_wconf 72' lang='grc' dir='ltr'><strong><em>ὅλμος</em></strong></span> <span class='ocrx_word' id='word_1_166' title='bbox 650 2112 774 2196; x_wconf 69' lang='grc' dir='ltr'><strong><em>ἄτολμος</em></strong></span> <span class='ocrx_word' id='word_1_167' title='bbox 797 2121 1012 2183; x_wconf 88' lang='lat' dir='ltr'><strong>annonimatio.</strong></span> 
     </span>
    </p>
   </div>
   <div class='ocr_carea' id='block_1_3' title="bbox 136 2412 1009 2624">
    <p class='ocr_par' dir='ltr' id='par_1_5' title="bbox 136 2412 1009 2624">
     <span class='ocr_line' id='line_1_22' title="bbox 416 2412 739 2502; baseline -0.006 -22"><span class='ocrx_word' id='word_1_168' title='bbox 416 2420 499 2480; x_wconf 89' lang='lat' dir='ltr'><strong>XXV</strong></span> <span class='ocrx_word' id='word_1_169' title='bbox 524 2412 581 2502; x_wconf 84' lang='lat'><strong>(65</strong></span> <span class='ocrx_word' id='word_1_170' title='bbox 605 2412 739 2501; x_wconf 84' lang='lat' dir='ltr'><strong>proecd.)</strong></span> 
     </span>
     <span class='ocr_line' id='line_1_23' title="bbox 136 2533 1009 2624; baseline 0.001 -20"><span class='ocrx_word' id='word_1_171' title='bbox 136 2534 275 2617; x_wconf 75' lang='grc' dir='ltr'><em>εἰκάζων</em></span> <span class='ocrx_word' id='word_1_172' title='bbox 298 2539 332 2603; x_wconf 84' lang='grc' dir='ltr'><strong>τί</strong></span> <span class='ocrx_word' id='word_1_173' title='bbox 351 2536 477 2619; x_wconf 56' lang='lat' dir='ltr'><strong>deleam</strong></span> <span class='ocrx_word' id='word_1_174' title='bbox 502 2534 618 2622; x_wconf 80' lang='grc' dir='ltr'><em>ὀλίγον</em></span> <span class='ocrx_word' id='word_1_175' title='bbox 640 2536 746 2624; x_wconf 81' lang='grc' dir='ltr'><strong><em>κρέας,</em></strong></span> <span class='ocrx_word' id='word_1_176' title='bbox 771 2533 870 2604; x_wconf 78' lang='grc' dir='ltr'><strong><em>ὀστέα</em></strong></span> <span class='ocrx_word' id='word_1_177' title='bbox 892 2537 1009 2606; x_wconf 74' lang='grc' dir='ltr'><strong><em>πολλοὶ.</em></strong></span> 
     </span>
    </p>
   </div>
   <div class='ocr_carea' id='block_1_4' title="bbox 67 2720 1089 3384">
    <p class='ocr_par' dir='ltr' id='par_1_6' title="bbox 67 2720 1089 3384">
     <span class='ocr_line' id='line_1_24' title="bbox 136 2720 1087 2799; baseline 0.004 -19"><span class='ocrx_word' id='word_1_178' title='bbox 136 2737 224 2780; x_wconf 81' lang='lat' dir='ltr'><strong>ruer.</strong></span> <span class='ocrx_word' id='word_1_179' title='bbox 240 2720 399 2781; x_wconf 82' lang='lat' dir='ltr'><strong>Galenus</strong></span> <span class='ocrx_word' id='word_1_180' title='bbox 414 2721 453 2781; x_wconf 86' lang='lat' dir='ltr'><strong>ud</strong></span> <span class='ocrx_word' id='word_1_181' title='bbox 466 2721 610 2798; x_wconf 90' lang='lat' dir='ltr'><strong>Hippoer.</strong></span> <span class='ocrx_word' id='word_1_182' title='bbox 624 2721 751 2799; x_wconf 89' lang='lat' dir='ltr'><strong>epidem.</strong></span> <span class='ocrx_word' id='word_1_183' title='bbox 766 2721 834 2781; x_wconf 93' lang='lat' dir='ltr'><strong>libr.</strong></span> <span class='ocrx_word' id='word_1_184' title='bbox 843 2723 901 2799; x_wconf 69' lang='lat' dir='ltr'><strong>V13</strong></span> <span class='ocrx_word' id='word_1_185' title='bbox 915 2724 1087 2784; x_wconf 81' lang='lat' dir='ltr'><strong>tom-XVII</strong></span> 
     </span>
     <span class='ocr_line' id='line_1_25' title="bbox 67 2810 1088 2902; baseline 0.003 -23"><span class='ocrx_word' id='word_1_186' title='bbox 67 2823 147 2897; x_wconf 85' lang='lat' dir='ltr'><strong>part.</strong></span> <span class='ocrx_word' id='word_1_187' title='bbox 166 2819 182 2877; x_wconf 97' lang='lat' dir='ltr'>I</span> <span class='ocrx_word' id='word_1_188' title='bbox 204 2840 232 2896; x_wconf 93' lang='lat' dir='ltr'><strong>p.</strong></span> <span class='ocrx_word' id='word_1_189' title='bbox 253 2821 316 2880; x_wconf 80' lang='lat'><strong>989</strong></span> <span class='ocrx_word' id='word_1_190' title='bbox 339 2819 439 2878; x_wconf 87' lang='lat' dir='ltr'><strong>Kuhn.</strong></span> <span class='ocrx_word' id='word_1_191' title='bbox 463 2810 672 2898; x_wconf 81' lang='lat' dir='ltr'><strong>(Hippocratis</strong></span> <span class='ocrx_word' id='word_1_192' title='bbox 700 2813 896 2902; x_wconf 86' lang='lat' dir='ltr'><strong>interpretes)</strong></span> <span class='ocrx_word' id='word_1_193' title='bbox 924 2821 1088 2894; x_wconf 78' lang='grc' dir='ltr'><strong><em>πολυειδῶς</em></strong></span> 
     </span>
     <span class='ocr_line' id='line_1_26' title="bbox 76 2910 1087 3001; baseline 0.001 -24"><span class='ocrx_word' id='word_1_194' title='bbox 76 2911 310 2996; x_wconf 76' lang='grc' dir='ltr'><strong><em>...γράφουσι</em></strong></span> <span class='ocrx_word' id='word_1_195' title='bbox 342 2912 393 2975; x_wconf 72' lang='grc' dir='ltr'><strong>καὶ</strong></span> <span class='ocrx_word' id='word_1_196' title='bbox 424 2915 571 2994; x_wconf 80' lang='grc' dir='ltr'><strong><em>διαιροῦσι</em></strong></span> <span class='ocrx_word' id='word_1_197' title='bbox 595 2964 601 2975; x_wconf 86' lang='grc'><strong>.</strong></span> <span class='ocrx_word' id='word_1_198' title='bbox 622 2965 628 2975; x_wconf 87' lang='grc'><strong>.</strong></span> <span class='ocrx_word' id='word_1_199' title='bbox 649 2965 655 2976; x_wconf 90' lang='grc'>,</span> <span class='ocrx_word' id='word_1_200' title='bbox 676 2963 681 2975; x_wconf 92' lang='grc'><em>.</em></span> <span class='ocrx_word' id='word_1_201' title='bbox 705 2911 757 2988; x_wconf 78' lang='grc' dir='ltr'><strong>τὰς</strong></span> <span class='ocrx_word' id='word_1_202' title='bbox 786 2917 920 2988; x_wconf 74' lang='grc' dir='ltr'><strong><em>πλείστοις</em></strong></span> <span class='ocrx_word' id='word_1_203' title='bbox 948 2910 1087 3001; x_wconf 74' lang='grc' dir='ltr'><strong><em>(ῥήσεις),</em></strong></span> 
     </span>
     <span class='ocr_line' id='line_1_27' title="bbox 68 3006 1089 3095; baseline 0 -20"><span class='ocrx_word' id='word_1_204' title='bbox 68 3007 282 3094; x_wconf 75' lang='grc' dir='ltr'><strong><em>ἐξηγησάμενοι</em></strong></span> <span class='ocrx_word' id='word_1_205' title='bbox 309 3015 394 3075; x_wconf 79' lang='grc' dir='ltr'><strong><em>τοῦτο</em></strong></span> <span class='ocrx_word' id='word_1_206' title='bbox 422 3007 453 3074; x_wconf 83' lang='grc' dir='ltr'><strong>τὸ</strong></span> <span class='ocrx_word' id='word_1_207' title='bbox 482 3013 598 3092; x_wconf 75' lang='grc' dir='ltr'><strong><em>βιβλίον</em></strong></span> <span class='ocrx_word' id='word_1_208' title='bbox 626 3006 836 3095; x_wconf 86' lang='lat' dir='ltr'><strong>(Hippocratis</strong></span> <span class='ocrx_word' id='word_1_209' title='bbox 865 3007 1019 3093; x_wconf 81' lang='lat' dir='ltr'><strong>epidem.),</strong></span> <span class='ocrx_word' id='word_1_210' title='bbox 1049 3007 1089 3086; x_wconf 77' lang='grc' dir='ltr'><strong>ὥς</strong></span> 
     </span>
     <span class='ocr_line' id='line_1_28' title="bbox 69 3103 1088 3193; baseline 0.001 -23"><span class='ocrx_word' id='word_1_211' title='bbox 69 3104 221 3188; x_wconf 63' lang='lat' dir='ltr'><strong>deceptioni</strong></span> <span class='ocrx_word' id='word_1_212' title='bbox 251 3103 373 3192; x_wconf 81' lang='lat' dir='ltr'><strong>(scripsi</strong></span> <span class='ocrx_word' id='word_1_213' title='bbox 405 3130 460 3188; x_wconf 88' lang='lat' dir='ltr'><strong>pro</strong></span> <span class='ocrx_word' id='word_1_214' title='bbox 493 3104 690 3193; x_wconf 77' lang='grc' dir='ltr'><strong><em>ἀπορρεῦσοί)</em></strong></span> <span class='ocrx_word' id='word_1_215' title='bbox 722 3133 788 3171; x_wconf 83' lang='grc' dir='ltr'><strong><em>τινα</em></strong></span> <span class='ocrx_word' id='word_1_216' title='bbox 815 3112 873 3171; x_wconf 78' lang='grc' dir='ltr'><strong>τῶν</strong></span> <span class='ocrx_word' id='word_1_217' title='bbox 900 3106 948 3170; x_wconf 75' lang='grc' dir='ltr'><strong>ἐπὶ</strong></span> <span class='ocrx_word' id='word_1_218' title='bbox 975 3103 1010 3171; x_wconf 79' lang='grc' dir='ltr'><strong>τὰ</strong></span> <span class='ocrx_word' id='word_1_219' title='bbox 1037 3114 1088 3189; x_wconf 82' lang='grc' dir='ltr'><strong>τῆς</strong></span> 
     </span>
     <span class='ocr_line' id='line_1_29' title="bbox 68 3201 1086 3289; baseline 0.002 -22"><span class='ocrx_word' id='word_1_220' title='bbox 68 3205 172 3288; x_wconf 78' lang='grc' dir='ltr'><em>τέχνης</em></span> <span class='ocrx_word' id='word_1_221' title='bbox 200 3206 270 3289; x_wconf 72' lang='grc' dir='ltr'><strong>ἔργα</strong></span> <span class='ocrx_word' id='word_1_222' title='bbox 298 3203 494 3271; x_wconf 81' lang='grc' dir='ltr'><em>σπευδόντων.</em></span> <span class='ocrx_word' id='word_1_223' title='bbox 541 3208 702 3285; x_wconf 81' lang='grc' dir='ltr'><strong><em>φαίνονταί</em></strong></span> <span class='ocrx_word' id='word_1_224' title='bbox 722 3229 798 3281; x_wconf 79' lang='grc' dir='ltr'><strong><em>τινες</em></strong></span> <span class='ocrx_word' id='word_1_225' title='bbox 820 3211 917 3270; x_wconf 83' lang='grc' dir='ltr'><strong><em>ποιεῖν</em></strong></span> <span class='ocrx_word' id='word_1_226' title='bbox 940 3201 1012 3288; x_wconf 77' lang='grc' dir='ltr'><strong>ὅπερ</strong></span> <span class='ocrx_word' id='word_1_227' title='bbox 1038 3208 1086 3269; x_wconf 78' lang='lat' dir='ltr'><strong>Tl-</strong></span> 
     </span>
     <span class='ocr_line' id='line_1_30' title="bbox 71 3298 637 3384; baseline 0.002 -19"><span class='ocrx_word' id='word_1_228' title='bbox 71 3327 137 3384; x_wconf 84' lang='grc' dir='ltr'><strong>μων</strong></span> <span class='ocrx_word' id='word_1_229' title='bbox 160 3298 253 3366; x_wconf 79' lang='grc' dir='ltr'><strong><em>εἶπεν·</em></strong></span> <span class='ocrx_word' id='word_1_230' title='bbox 278 3301 423 3380; x_wconf 73' lang='grc' dir='ltr'><strong>«εἰκάζων</strong></span> <span class='ocrx_word' id='word_1_231' title='bbox 446 3340 488 3350; x_wconf 89' lang='grc'>-</span> <span class='ocrx_word' id='word_1_232' title='bbox 513 3300 637 3368; x_wconf 75' lang='grc' dir='ltr'><strong><em>πολλά».</em></strong></span> 
     </span>
    </p>
   </div>
   <div class='ocr_carea' id='block_1_5' title="bbox 126 3484 1088 3642">
    <p class='ocr_par' dir='ltr' id='par_1_7' title="bbox 126 3484 1088 3642">
     <span class='ocr_line' id='line_1_31' title="bbox 138 3484 1088 3564; baseline 0 -22"><span class='ocrx_word' id='word_1_233' title='bbox 138 3502 234 3546; x_wconf 82' lang='lat' dir='ltr'><strong>conn.</strong></span> <span class='ocrx_word' id='word_1_234' title='bbox 258 3484 388 3548; x_wconf 86' lang='lat' dir='ltr'><strong>Versum</strong></span> <span class='ocrx_word' id='word_1_235' title='bbox 415 3507 495 3552; x_wconf 88' lang='lat' dir='ltr'><strong>nunc</strong></span> <span class='ocrx_word' id='word_1_236' title='bbox 522 3484 634 3562; x_wconf 90' lang='lat' dir='ltr'><strong>reliqui</strong></span> <span class='ocrx_word' id='word_1_237' title='bbox 661 3485 760 3563; x_wconf 88' lang='lat' dir='ltr'><strong>qualis</strong></span> <span class='ocrx_word' id='word_1_238' title='bbox 789 3485 904 3564; x_wconf 81' lang='lat' dir='ltr'><strong>legitur</strong></span> <span class='ocrx_word' id='word_1_239' title='bbox 926 3487 957 3544; x_wconf 92' lang='lat' dir='ltr'><strong>in</strong></span> <span class='ocrx_word' id='word_1_240' title='bbox 981 3485 1088 3543; x_wconf 88' lang='lat' dir='ltr'><strong>editio-</strong></span> 
     </span>
     <span class='ocr_line' id='line_1_32' title="bbox 126 3589 874 3642; baseline -0.015 -7"><span class='ocrx_word' id='word_1_241' title='bbox 126 3593 234 3642; x_wconf 71' lang='lat' dir='ltr'><strong>commo.</strong></span> <span class='ocrx_word' id='word_1_242' title='bbox 248 3594 279 3634; x_wconf 88' lang='lat'><strong>11.</strong></span> <span class='ocrx_word' id='word_1_243' title='bbox 858 3589 874 3636; x_wconf 83' lang='grc'>9</span> 
     </span>
    </p>
   </div>
   <div class='ocr_carea' id='block_1_6' title="bbox 0 0 1239 3840">
    <p class='ocr_par' dir='ltr' id='par_1_8' title="bbox 0 0 1239 3840">
     <span class='ocr_line' id='line_1_33' title="bbox 0 0 1239 3840; baseline 0 0"><span class='ocrx_word' id='word_1_244' title='bbox 0 0 1239 3840; x_wconf 95' lang='lat' dir='ltr'><strong> </strong></span> 
     </span>
    </p>
   </div>
  </div>
 </body>
</html>
