2454 3840
548 151 590 160 -
639 115 702 226 12.ss
749 151 790 160 -
1052 141 1179 184 rrnorus

158 280 279 342 Studien
304 297 342 341 eu
364 281 392 340 d.
412 297 457 354 pr.
480 279 588 339 Floret.
611 300 640 356 p.
665 281 728 339 140
752 282 784 340 et
806 279 1011 355 Heidelberyer
1033 283 1178 344 Festsctr.

157 395 212 438 eur
239 377 420 438 Kerlsrubcr
443 376 710 451 Paloura-Vere.
737 396 766 453 p.
792 379 828 454 ὃς
859 376 969 436 Kaibal
1002 379 1100 457 epigr.
1129 379 1176 440 Gr.

158 497 187 553 p.
205 468 320 557 1112);
344 474 485 535 similiter
504 472 645 533 Graeculi
669 474 722 551 qui
744 494 825 535 nunc
849 481 920 536 sunt
943 476 1093 538 adhibent
1110 499 1178 538 aov-

158 567 260 634 κούτσι
292 565 343 655 (ef.
373 573 526 632 Scarlatos
554 570 609 643 λεξ.
636 572 689 649 τῆς
710 564 827 651 Ἕλλην.
856 573 930 636 deul.
956 593 978 635 s.
1003 568 1056 657 a).
1083 609 1125 618 -
1148 576 1178 635 in

158 692 186 732 v.
201 675 222 731 4
243 689 428 750 quamquam
445 670 567 730 videtur
584 686 673 745 posse
691 661 787 747 μάτην
800 663 964 745 φεύξεσθαι
980 671 1065 730 idem
1078 674 1177 732 valere

160 773 252 846 atque
276 769 371 846 μοιτᾶν
394 760 557 845 φεύξεσθαι
580 765 599 824 i.
619 783 643 825 e.
666 759 793 826 ‘frustra
816 768 937 828 studere
960 772 998 828 ut
1021 764 1176 849 effugiam'

160 859 245 949 (nam
263 859 385 945 φεύγειν
404 863 587 941 aliquotiens
607 863 759 941 signifieat
777 865 901 938 effabere
918 858 1058 948 studea),
1077 871 1177 926 tamen
1207 931 1211 941 ,

159 963 379 1025 sententiarum
411 980 526 1022 conexu
556 955 654 1037 magis
687 962 915 1022 commendatur
947 962 1029 1041 quod
1064 965 1176 1041 scripsi.

159 1094 201 1104 —-
221 1082 249 1121 v.
269 1063 288 1122 5
305 1063 369 1120 et6
394 1059 550 1136 praedicat
567 1057 704 1118 misellus
724 1058 899 1119 adulescens
918 1060 1038 1138 divites,
1056 1061 1178 1120 minime

158 1169 320 1237 pauperes,
353 1177 422 1217 cum
453 1157 514 1233 ipsi
540 1174 595 1232 per
624 1159 837 1232 paupertatem
864 1157 962 1234 perire
991 1157 1178 1218 destinatum

160 1257 201 1316 sit
220 1248 234 1336 (
256 1247 327 1336 .8);
350 1255 455 1332 itaque
479 1246 518 1331 μὴ
539 1256 608 1313 aute
632 1250 745 1332 ἔχοντες
768 1253 876 1332 nequit
894 1253 1016 1313 defendi
1034 1253 1178 1314 Meinekii

159 1350 409 1429 interpretatione
434 1350 487 1429 qui
510 1349 542 1409 iu
564 1369 599 1410 eo
619 1369 740 1428 quoque
763 1350 896 1428 fallitur,
921 1350 1003 1428 quod
1026 1347 1073 1410 ἐνὶ
1091 1353 1177 1432 σχολῇ

158 1450 253 1512 vertit
276 1444 324 1509 ‘tn
341 1442 469 1509 Μνεειῖ
505 1448 594 1508 mitto
622 1448 704 1524 quod
732 1444 779 1508 ἐιιλ
807 1450 927 1526 σχολῆς,
956 1441 1030 1507 κατὰ
1061 1441 1177 1526 σχολὴν,

159 1541 229 1627 μετὰ
252 1549 371 1626 σχολῆς,
398 1539 458 1606 ὑπὸ
482 1546 600 1623 σχολῆς,
626 1547 714 1625 σχολῇ
742 1545 867 1622 dicitur,
896 1563 1050 1622 nusquam
1078 1545 1178 1622 quoad

160 1647 225 1706 eius
257 1645 350 1705 sciam
382 1640 426 1703 et
458 1644 561 1726 σχολῇ;
595 1641 648 1701 sed
680 1641 718 1701 ab
750 1641 806 1701 hoc
833 1643 900 1702 loco
927 1643 999 1703 talis
1027 1643 1180 1702 sententia

159 1743 280 1804 omnino
300 1741 450 1802 abhorret.
488 1738 570 1817 quod
588 1739 615 1798 si
633 1749 684 1799 eos
702 1738 877 1816 praedicere
895 1740 995 1801 voluit
1012 1741 1178 1800 stoicorum

159 1841 336 1918 discipulae,
356 1839 409 1916 qui
428 1837 517 1917 genio
537 1855 592 1896 suo
611 1837 804 1914 indulgentes
823 1856 888 1897 rem
906 1837 1089 1898 familiarem
1112 1856 1179 1896 con-

158 1939 309 2016 fecerunt,
335 1941 416 1997 certe
439 1934 545 1996 debuit
566 1953 622 2012 pro
647 1933 703 1993 otii
725 1934 847 1993 notione
870 1936 1063 2011 voluptatem
1086 1935 1178 2014 signi·

52 2079 54 2085 ,
158 2035 257 2094 ficare.
294 2035 386 2094 immo
410 2029 454 2093 et
477 2033 565 2114 σχολῇ
587 2032 671 2092 valet
689 2025 732 2090 ‘in
751 2024 878 2091 schola':
902 2031 945 2091 ibi
963 2033 1110 2092 nimirum
1128 2034 1178 2092 ille

159 2132 335 2193 adulescens
353 2149 492 2192 nummos
510 2131 626 2190 frustra
644 2131 880 2206 consumpserat.
913 2148 992 2206 quae
1010 2147 1081 2189 eum
1098 2135 1179 2191 recte

160 2230 361 2290 intellexisset
392 2230 649 2289 Zimmermannus
677 2228 698 2286 l.
722 2245 744 2286 s.
772 2226 961 2286 incredibilia
993 2228 1180 2305 excogitavit

159 2328 195 2387 de
227 2328 367 2405 κηφῆνος
398 2325 504 2404 verbo,
537 2344 598 2402 quo
630 2325 699 2386 vult
731 2324 880 2401 appellari
907 2342 958 2385 eos
987 2317 1054 2401 ‘qui
1080 2325 1178 2401 philo·

160 2424 284 2502 sophiae
312 2423 421 2484 studiis
445 2423 540 2483 dediti
563 2423 679 2481 nullam
701 2422 746 2481 rei
768 2421 909 2499 publicae
932 2425 1052 2498 partem
1075 2439 1178 2500 capes·

159 2516 248 2583 sant'.
289 2520 496 2597 reipublicae
519 2524 622 2579 tamen
644 2537 682 2577 ne
706 2519 814 2578 Timon
838 2517 959 2596 quidem
983 2537 1109 2595 operam
1128 2519 1177 2578 de·

159 2619 205 2679 dit
232 2618 277 2676 ita
304 2621 341 2676 ut
368 2616 474 2676 ecdem
500 2616 566 2676 iure
587 2634 627 2674 se
654 2615 719 2692 ipse
746 2619 870 2695 κηφῆνα
897 2634 1005 2676 vocare
1028 2617 1179 2694 potuerit!

158 2717 317 2793 praeterea
342 2713 529 2791 antiquiores
553 2712 642 2774 stoici
663 2730 857 2791 nequaquam
878 2715 1109 2789 praeceperunt,
1134 2730 1178 2772 sa·

157 2812 270 2891 picatis
303 2829 367 2872 esse
391 2829 432 2874 ,se
465 2830 483 2870 a
512 2810 643 2890 negotiis
670 2809 801 2888 publicis
828 2827 992 2871 removere.
1043 2808 1180 2870 acerbior

158 2910 262 2988 potius
290 2909 396 2970 subest
423 2907 578 2971 cavillatio
601 2927 670 2968 cum
694 2908 824 2968 aliorum
846 2906 1089 2986 dogmaticcmm
1112 2909 1179 2966 tum

158 3009 323 3070 stoicorum
351 3025 426 3086 quos
450 2999 559 3068 ‘fucos'
588 3005 756 3084 appellauit
779 3004 887 3064 Timon
913 3007 1073 3082 tamquam
1102 3004 1177 3064 desi·

157 3107 259 3165 diosus
282 3121 406 3180 prorsus
430 3106 461 3164 et
482 3103 610 3181 ignavos
632 3103 781 3180 homines,
812 3102 866 3179 qui
889 3101 1037 3162 desudare
1059 3101 1093 3160 in
1116 3121 1177 3162 mo·

159 3200 245 3259 lestis
277 3201 408 3279 negotiis
438 3201 556 3261 nollent
582 3201 636 3260 sed
657 3201 747 3279 nugis
772 3199 835 3260 suis
858 3203 889 3260 et
911 3199 1023 3276 ineptis
1047 3199 1177 3277 argutiis

160 3297 324 3374 discipulos
352 3302 523 3377 captarent,
556 3318 686 3376 quorum
713 3298 800 3360 bonis
822 3299 1037 3375 paupertatem
1060 3301 1177 3357 susten-

159 3397 262 3455 tarent
280 3399 317 3456 ut
335 3396 399 3456 fuci
417 3389 570 3474 ἀλλότριον
587 3389 719 3476 κάματον
738 3393 881 3476 σφετέρην
901 3393 931 3469 ἐς
944 3388 1059 3476 γαστέρ’
1081 3388 1177 3474 ἆμῶν·

158 3515 206 3554 ται
230 3485 367 3576 (Hesiod.
390 3495 492 3574 theog.
517 3486 605 3576 599).
