2454 3840
77 135 421 182 naxxxxv-xxxxvn
472 147 509 156 -
560 110 622 176 161
674 148 710 156 -

80 274 183 358 μάσας.
230 269 464 358 (Eustathius
488 276 520 334 in
542 275 577 333 Il.
602 270 643 350 [Ξ
664 267 740 356 320]
765 297 793 352 p.
818 277 896 352 989,
921 277 963 336 30
985 279 1038 338 τοῦ
1062 275 1095 336 δὲ

80 369 143 436 κατ’
170 367 275 435 οἶνον.
292 363 487 432 ..Διονύσου
511 367 667 449 μὲμνηταί,
686 361 780 449 μασι,
802 369 852 432 καὶ
877 373 977 452 Τίμων
1000 370 1032 433 ἒν
1054 370 1094 459 τῷ

82 466 199 554 «βαρὺν
226 503 263 512 -
289 463 492 552 tutoremve.)

154 643 179 680 v.
201 633 213 678 1
234 614 285 692 ἧκε
300 621 429 677 Meinekc
447 620 547 690 philol.
561 618 613 674 XV
627 638 655 690 p.
670 626 735 676 8332
754 617 788 689 ἠὲ
807 621 872 676 libri
890 624 1003 690 praeter
1018 623 1093 693 oct

79 710 222 782 Eustatb.)
242 711 291 780 qui
310 728 377 776 om.;
400 701 451 779 ἦγε
475 708 705 779 Schweigbaucer
720 713 725 777 Ι
740 703 905 778 Λυκούργου
919 709 1097 766 Valckenaer

81 803 119 857 ad
131 801 249 877 Theocr.
264 798 396 854 Adoniac.
415 816 443 868 p.
458 803 511 853 340
526 813 567 866 eq.
581 795 591 867 ss
605 816 630 852 v.
645 803 661 852 2
681 793 822 852 ὃιανυσου
838 797 871 852 0:
892 793 1025 854 διουυσου
1035 800 1095 856 AB

81 893 111 947 et
128 889 268 959 ausura,
287 886 438 946 διοννύσον
458 886 544 964 PVL
559 889 563 955 Ι
580 881 785 957 ἄριθμουοίτας
803 887 838 956 Α,
858 882 1056 958 ἄριθμοπόσας
1070 888 1097 943 Β

81 981 110 1036 et
129 979 268 1046 Eustath.‚
287 971 453 1047 ἄρυθμόπας
474 975 502 1029 Ρ
514 977 523 1046 ss
540 981 597 1031 v.3
617 971 687 1044 ρντοὶ
707 992 877 1046 οριπτασκεν
895 975 931 1045 Α,
950 973 1021 1047 ῥυτὰ
1040 973 1096 1047 σ’γί-

81 1084 206 1123 aracusa
219 1066 281 1122 ΒΡ
296 1068 300 1135 Ι
316 1061 472 1135 ἀρυσαίνας
490 1063 635 1118 Mainaker
650 1058 805 1133 ἀρυσαίνας
819 1063 884 1119 Ath.
899 1085 926 1136 p.
943 1071 994 1120 445
1009 1069 1096 1138 (quod

82 1155 194 1226 flagitat
213 1153 325 1210 Lobcck
344 1153 453 1223 pathol.
472 1151 542 1222 prol.
562 1171 589 1221 p.
611 1155 681 1223 176),
700 1148 846 1222 ἄρυσάνας
865 1154 930 1208 Atb.
950 1173 977 1225 p.
997 1162 1050 1210 424

148 1369 243 1411 coum.
281 1349 362 1409 Haec
388 1367 458 1407 cum
480 1347 512 1430 in
536 1347 667 1408 secundo
691 1349 829 1409 sillorum
847 1349 924 1409 libro
943 1351 1095 1428 legantur,

81 1450 119 1510 ad
149 1449 268 1509 nullum
295 1447 501 1524 antiquiorum
529 1446 778 1524 philosophorum
800 1435 913 1507 maiore
937 1466 1006 1506 cum
1028 1469 1096 1527 pro-

81 1546 241 1606 habilitate
270 1545 443 1605 referuntur
471 1562 562 1620 quam
585 1545 624 1602 ad
646 1543 844 1620 Heraclitum,
863 1531 958 1620 ¹quem
981 1547 1095 1624 optimo

81 1644 145 1704 iure
172 1643 276 1720 potuit
298 1641 498 1719 Xenophanes
526 1639 624 1698 dicere
648 1639 806 1717 flagellum
829 1641 982 1719 Lycurgo,
1010 1643 1096 1702 cuius

81 1742 251 1822 βουνολῆγυς
293 1739 476 1817 gravitatem
516 1736 675 1812 descripsit
708 1737 857 1798 Homerus
894 1740 919 1798 Z
953 1740 1014 1798 133
1044 1758 1096 1818 sq.,

80 1839 180 1898 acrius
208 1838 351 1900 vibrassc.
401 1836 454 1894 ille
482 1835 562 1893 enim
589 1835 713 1893 summis
741 1838 772 1894 et
800 1834 1000 1894 acerbissimis
1028 1855 1096 1897 con-

79 1937 166 1998 viciis
190 1935 353 2014 castigavit
376 1938 407 1994 et
429 1931 624 2010 philosophos
644 1933 785 2010 quiante
805 1952 874 1992 eum
892 1933 1096 1995 inclaruerant

81 2038 111 2094 et
134 2039 240 2112 poetas
263 2032 485 2093 illustrissimos
509 2033 541 2090 et
563 2049 719 2090 commune
742 2017 960 2110 volgusz'vidc
983 2032 1018 2090 fr.
1046 2035 1094 2093 16.

82 2135 137 2208 173
154 2135 226 2191 119.
243 2133 307 2191 120
326 2134 357 2190 et
374 2127 549 2189 testimonia
563 2146 656 2204 supra
670 2129 708 2188 ad
722 2130 758 2188 fr.
773 2129 920 2188 XXVIIII
935 2128 1094 2209 adscripta.

81 2233 215 2288 ceterum
238 2248 344 2289 moneo
368 2217 495 2287 tertiani
516 2243 637 2287 versum
661 2226 753 2286 etiam
775 2227 814 2286 ad
832 2227 1007 2304 Lycurgum
1028 2247 1095 2304 per·

79 2325 189 2402 tinere,
218 2326 271 2402 qui
297 2327 440 2384 narratur
464 2325 575 2401 pocula
597 2317 777 2400 potatorum
796 2324 945 2384 effudisse.
991 2326 1095 2402 itaque

80 2423 282 2482 necessarium
295 2441 356 2490 uon
370 2422 491 2484 videtur
504 2424 541 2480 ut
555 2439 624 2480 omn
632 2421 781 2482 Meinekio
796 2423 815 2480 l.
827 2440 848 2480 s.
864 2424 982 2506 statuas
997 2422 1095 2498 philo·

80 2522 209 2598 sophum
232 2521 382 2600 quendam
404 2521 469 2599 peti
492 2520 545 2598 qui
565 2519 742 2580 ebrietatem
760 2519 987 2604 vituperarent,
1010 2519 1096 2580 velut

79 2619 297 2698 Pythagoram:
330 2619 508 2694 praesertim
535 2637 604 2678 cum
635 2637 722 2678 nemo
751 2637 856 2678 eorum
876 2605 946 2702 'tarn
974 2620 1094 2696 strenue

81 2717 177 2794 egerit
199 2721 236 2777 ut
258 2717 413 2777 ebrietatis
437 2717 616 2777 severiorem
640 2735 709 2776 eum
728 2737 819 2794 quam
836 2695 1011 2793 Lycurgum
1029 2715 1095 2777 vin·

82 2813 178 2874 dicem
196 2814 262 2874 iure
286 2813 404 2873 dixeris.
730 2803 731 2806 ¹
901 2795 905 2805 ¹
1023 2799 1024 2802 ¹

502 3147 673 3207 XXXXVII

123 3273 182 3336 καί
202 3291 267 3336 σου
288 3264 512 3353 Ἀναξαγόρην
536 3262 616 3352 φάσ’
643 3241 781 3351 ἔμμεναι
804 3262 944 3352 ἄλκιμον
969 3264 1039 3355 ἥρω

126 3378 242 3459 Νοῦν,
266 3372 317 3441 ὅτι
341 3370 382 3460 δὴ
407 3371 487 3452 νόος
510 3367 612 3463 αὐτῷ,
637 3367 675 3451 ὃς
697 3372 850 3460 ἐξαπίνης
874 3375 1043 3474 ἐπεγεζρας

124 3482 232 3548 πάντα
256 3482 515 3569 συνεσφήκωσεν
542 3475 628 3566 ὁμοῦ
650 3479 875 3567 τεταραγμένα
898 3489 1065 3565 accubuo.

131 3596 236 3644 corpure,
250 3597 281 3638 11.
920 3588 963 3634 XX
