2452 3832
398 128 679 192 ¹-27-

57 285 275 378 posuenmt¹):
303 295 396 370 atque
418 291 498 351 idem
521 292 627 364 fecisse
650 278 885 352 consentaneum
909 297 955 353 est
975 294 1075 354 Timo·

60 381 140 468 nem,
165 409 256 468 quem
274 393 377 450 temen
395 388 573 448 crediderim
591 408 627 448 ex
644 409 727 449 more
746 409 801 450 suo
824 391 856 450 in
879 392 935 451 hoc
955 409 1075 468 quoque

58 488 230 546 carminum
260 476 376 565 genere
397 486 584 547 adversarios
612 488 756 548 acerrimo
784 489 953 566 perfudisse
981 493 1075 549 aceto.

58 585 116 644 sed
139 585 273 645 Timonis
303 585 450 645 eiusmodi
476 601 598 660 prorsus
625 586 728 645 nullae
752 589 889 647 servatae
913 589 985 645 sunt
1006 586 1076 646 reli-

60 683 167 760 quiae,
181 683 289 760 .quode
312 683 362 743 vel
384 682 451 754 ideo
476 680 610 741 dubitari
632 683 750 760 nequit,
775 683 856 760 quod
878 684 980 756 nullae
1004 687 1077 744 sunt

61 781 169 840 ionicis
192 781 325 838 numeris
348 779 525 856 adstrictae,
556 779 598 838 eis
622 783 725 838 autem
746 779 880 838 numeris
904 798 1023 857 semper
1044 782 1077 840 ni

64 878 156 937 fallor
170 877 334 954 conscripti
348 879 435 936 erant
447 875 585 936 κίναιδοι.
617 895 687 935 nam
706 877 786 935 idem
804 880 896 954 atque
916 869 1076 937 ὁιιιναιδο·
1154 921 1158 930 .

61 967 148 1051 λόγος
180 973 240 1032 fuit
268 965 284 1032 ὁ
312 965 517 1051 ἰωνικολόγος,
550 977 581 1035 et
607 976 644 1034 ut
671 993 740 1034 cum
767 973 903 1034 Varrone
936 964 986 1054 (fr.
1013 976 1075 1036 357
1110 989 1114 996 ·

59 1062 236 1152 Bllcheler.)
269 1068 391 1148 loquar,
425 1064 576 1149 Ἀχιλλέως
605 1063 749 1149 ἡρωικάς,
781 1065 901 1143 ίανικός
928 1070 1077 1147 κιναίδου,

60 1186 225 1245 omnesque
254 1168 448 1228 cinaedorum
475 1186 592 1228 versus
609 1189 685 1245 quos
712 1169 851 1230 novimus
883 1172 955 1229 sunt
983 1169 1078 1229 ionici

60 1267 96 1324 et
123 1283 140 1322 a
168 1266 343 1326 clarissimis
376 1265 624 1343 cinaedographis
651 1285 760 1327 nomen
789 1267 900 1326 duxere
929 1266 1077 1327 Sotadeus

60 1364 95 1422 et
118 1355 374 1444 Cleomaoheus2).
596 1431 597 1434 Ἴ

129 1459 242 1521 Prusa
274 1480 358 1522 vero
391 1461 558 1522 oratione
588 1462 705 1532 Timon,
728 1463 849 1539 scripsit
876 1462 903 1520 si
929 1461 1003 1520 fides
1032 1465 1078 1521 est

60 1555 207 1634 Diogenis
239 1559 426 1637 testimonio,
459 1558 570 1635 viginti
601 1559 698 1617 millia
725 1578 868 1620 versuum
896 1558 928 1616 id
955 1562 1001 1618 est
1031 1563 1078 1619 tot

63 1653 128 1712 fere
161 1659 237 1732 quot
268 1657 513 1732 complectuntur
543 1660 682 1732 septem
708 1657 830 1732 Iosephi
858 1655 1078 1732 antiquitatum

64 1750 150 1828 libri;
178 1752 237 1811 nisi
264 1752 361 1812 mavis
388 1771 548 1811 numerum
575 1752 723 1811 traditum
751 1755 782 1810 et
804 1753 836 1809 in
858 1749 917 1809 fine
946 1753 1079 1830 catalogi

61 1850 198 1926 positum
226 1849 265 1908 ad
293 1849 428 1908 omnium
456 1848 604 1908 librorum
632 1853 662 1909 et
689 1849 878 1926 poeticorum
907 1852 938 1909 et
964 1851 1078 1926 prosai-

62 1964 169 2006 oorum
197 1965 346 2006 summam
372 1938 580 2028 transferre³).
626 1951 717 2024 atque
746 1965 817 2006 sane
843 1947 1010 2023 permirum
1033 1951 1080 2008 est

60 2044 231 2104 carminum
249 2060 354 2105 versus
372 2062 433 2102 non
451 2044 613 2121 numerari,
631 2045 783 2104 numerari
800 2061 908 2120 prosae
924 2045 1078 2123 orationis,

63 2226 193 2295 Πρίηπος
210 2221 344 2298 Ἀμαζώνς
368 2227 444 2282 idem
467 2227 602 2298 probatur
624 2229 715 2284 titulis
735 2231 918 2285 Sotadeorum
941 2231 1077 2286 librorum

61 2302 144 2367 Ἰίιοίς
163 2307 237 2376 apud
255 2305 456 2376 Hephaestion.
476 2327 503 2378 p
522 2313 555 2363 21
575 2310 617 2364 ed.
637 2307 722 2364 Gaisl.
742 2310 771 2363 et
783 2305 897 2372 Ἄδωνις
913 2309 981 2365 ibid.
1000 2328 1028 2380 p.
1047 2317 1077 2376 ὃς

63 2400 132 2456 prae
151 2385 251 2442 ceteris
266 2403 331 2442 vero
348 2385 459 2443 Sotadis
474 2405 557 2444 versu
571 2405 616 2459 ap.
626 2387 716 2460 Heph.
727 2408 754 2494 p.
766 2395 781 2443 3
801 2390 864 2442 τίνα
878 2388 935 2443 τῶν
949 2389 1078 2443 παλαιῶν

63 2462 195 2534 ἱστοριῶν
213 2461 310 2521 θέλετ’
327 2463 490 2523 ἐσακοῦσαι.

137 2544 223 2615 )101.
240 2547 331 2602 Strab.
346 2546 451 2618 XIVp.
464 2549 560 2604 64866
573 2549 686 2604 Aristid.
703 2548 819 2614 Quintil
831 2555 874 2617 62,
893 2548 971 2603 cuius
991 2547 1078 2604 verba

61 2643 134 2694 μετα
163 2626 361 2696 κεκίασμίνης
387 2629 562 2697 ννιοιιοίσεας
585 2628 789 2686 Rossbachium
815 2631 845 2684 et
867 2591 1078 2698 ’Westphalium

64 2703 171 2761 metria.
183 2723 209 2774 p.
221 2707 287 2762 326ι
300 2723 449 2777 perperam
462 2708 662 2778 interpretatos
677 2725 736 2763 esse
750 2710 779 2762 et
793 2709 898 2762 frustra
907 2708 1079 2763 Meinekium
1180 2777 1181 2781 ἵ

63 2783 134 2838 diar.
149 2785 256 2854 antiqu.
272 2791 342 2840 1849
360 2803 388 2855 p.
403 2793 455 2840 414
473 2789 598 2842 mutasse
616 2786 646 2841 in
664 2785 735 2858 μετὰ
754 2785 945 2857 κεκλασμένας
963 2781 1078 2854 drosol-

54 2881 136 2940 osue
154 2865 282 2932 arbitror,
303 2865 353 2919 sed
368 2868 443 2920 recle
456 2865 628 2921 intellexisse
643 2866 770 2921 iahnium
784 2869 803 2922 l.
819 2886 839 2922 s.
854 2885 881 2937 p.
894 2872 946 2921 268
960 2867 1024 2922 adn.
1036 2873 1078 2922 67.
1153 2880 1163 2883 “·

136 2945 163 3012 2)
136 2943 225 2998 206
245 2940 426 3012 ίανικολόγος
444 2942 479 2997 cf
494 2943 597 2998 Athen
612 2945 717 3016 XIVp
733 2952 810 3012 62603
829 2947 864 3000 de
884 2945 1004 3000 Sotadeo
1024 2947 1078 3002 He·

62 3021 176 3092 phaest.
196 3041 223 3093 p.
244 3022 381 3091 606161,
409 3023 444 3077 de
469 3022 653 3080 Cleomacheo
671 3025 855 3093 Meinekium,
884 3025 957 3079 Com.
984 3023 1032 3079 Gr.
1052 3023 1079 3078 11

63 3119 92 3170 p.
112 3107 146 3158 26
162 3119 216 3172 sq.;
240 3103 306 3159 vide
330 3103 416 3157 etiam
439 3101 549 3157 cinaedi
570 3101 751 3157 insulsissimi
775 3118 870 3157 verens
889 3101 965 3171 apud
983 3102 1079 3157 Petro-

63 3181 157 3250 nium,
175 3184 253 3239 satir
273 3189 315 3238 23.

138 3264 166 3330 3)
190 3261 312 3328 Quod
290 3280 315 3317 ιι
332 3262 508 3333 probaveris,
534 3264 584 3316 aut
600 3260 782 3332 neglegentia
800 3260 933 3332 Diogenis
956 3278 1079 3318 errorem

62 3343 193 3396 exortum
208 3359 268 3398 esse
283 3343 395 3398 credere
409 3339 516 3413 poteris
530 3344 580 3397 aut
593 3341 744 3398 oscitantia
757 3341 946 3411 librariorum,
961 3357 1080 3410 quorum

64 3421 150 3490 culpa
171 3423 239 3491 post
255 3424 385 3478 τείνοντα
407 3421 583 3478 interciderit
600 3420 639 3478 τά
659 3413 784 3490 πάντας
812 3423 939 3476 ceterum
961 3419 1005 3480 clo.
1026 3417 1091 3483 166

63 3501 171 3555 τείνειν
189 3499 322 3556 διακόσια
340 3505 396 3575 (ap.
413 3501 504 3562 Laert
519 3503 595 3579 136)
614 3502 749 3563 similiter
764 3500 960 3560 diiit'liobon
972 3495 1114 3561 §.sugam-
