2454 3840
514 165 556 175 -
604 129 667 194 118
714 163 758 175 -
1019 152 1148 195 ‘imerus

129 284 343 342 Aldobrandina
358 290 439 351 15943
459 301 494 340 ex
507 283 577 340 meis
595 283 675 340 librIa
693 284 801 340 habent
814 283 869 341 soli
883 284 966 357 BF!
982 281 1107 356 νήξομαι
1121 285 1148 340 Β

131 391 194 430 eum
210 374 306 444 Steph.
326 375 355 429 et
367 373 497 429 Alcona
516 374 613 444 ἵξομαι
625 373 667 442 F3
686 374 800 444 νίσομαι
820 375 880 443 (aut
894 373 1001 443 ἵξομαι)
1017 373 1149 430 Meineke

129 463 167 517 ad
182 463 322 520 Theocrit.
337 459 427 518 xxiv
442 468 475 518 61
490 480 517 531 p.
533 467 585 517 362
599 463 663 519 adn.
683 462 743 533 (sed
761 462 790 518 in
804 460 934 516 addend.
954 463 990 518 ad
1005 461 1085 519 Com.
1102 461 1148 520 Gr.

130 551 186 608 vol.
206 552 231 606 V
249 569 277 622 p.
296 555 331 606 28
350 550 477 607 defendit
494 548 627 620 νήξομαι)
644 551 649 620 l
665 547 761 605 κολιὸν
780 549 877 621 Steph.

199 739 294 781 corn.
327 712 466 797 Νήξομαι
493 718 648 795 propriam
674 717 768 778 habet
794 717 1059 796 significationem,
1090 738 1151 779 non

131 819 312 878 translatam
324 817 419 894 illam,
430 835 521 894 quarn
530 814 698 874 Meinekius
713 815 825 874 collato
836 815 929 874 simili
942 815 1029 875 verbi
1038 819 1148 893 κολνμ-

131 917 190 997 βᾶν
204 935 263 976 usu
281 915 378 974 inesse
397 914 497 975 voluit
512 912 593 974 Com.
609 911 658 973 Gr.
673 913 693 971 l.
708 931 730 972 s.
749 943 787 954 -
803 912 954 973 Diodorus
970 916 1017 973 est
1031 910 1152 974 Oranus

131 1015 311 1092 Megaricus,
329 1013 429 1072 calcas
443 1013 617 1084 dialecticas,
630 1014 667 1070 ut
681 1010 726 1069 ait
740 1008 799 1070 Cic.
815 1009 852 1068 de
866 1010 931 1070 fato
948 1013 976 1088 6,
992 1013 1043 1089 12,
1064 1012 1153 1070 cuius

132 1110 318 1191 λεπτολογίας
342 1113 373 1170 et
390 1102 623 1189 πανονργήματα
645 1109 860 1168 commemorat
881 1107 1052 1168 Numenius
1077 1109 1153 1169 locis

133 1225 226 1284 supra
249 1207 288 1266 ad
310 1208 346 1266 fr.
369 1207 442 1266 XVI
465 1206 580 1265 allatis:
604 1205 672 1266 ideo
695 1203 744 1264 hic
767 1198 882 1277 σκολιός
905 1206 1088 1282 appellatur.

201 1301 342 1364 Ceterum
360 1305 417 1382 frg.
431 1303 504 1363 XVI
518 1307 549 1363 et
562 1303 650 1362 XVII
670 1302 813 1362 videntur
835 1303 875 1362 ad
897 1320 1033 1381 pugnam
1057 1322 1153 1380 quan·

133 1401 204 1460 dam
235 1405 371 1478 spectare
404 1419 496 1479 quam
528 1399 702 1460 Arcesilaus
734 1418 807 1477 erga
840 1400 989 1460 Zenonem
1021 1401 1155 1460 stoicum

133 1497 296 1574 commisit3
320 1516 389 1556 cum
407 1498 464 1558 hoc
483 1498 563 1557 enim
582 1517 669 1557 omne
688 1497 902 1576 gravissimum
923 1502 1076 1558 certamen
1100 1497 1154 1557 ille

132 1595 215 1656 iniitr
248 1596 284 1655 cf.
313 1595 442 1655 Numen.
475 1614 521 1673 ap.
549 1595 660 1654 Iluseb.
688 1613 790 1671 praep.
819 1613 924 1672 evang.
954 1595 1026 1654 XIV
1050 1597 1085 1672 5,
1111 1598 1153 1657 12

131 1715 161 1771 p.
183 1695 272 1770 72903
296 1689 356 1752 Cic.
380 1693 472 1753 Acad.
496 1693 551 1770 pri.
575 1692 607 1751 Π
631 1695 681 1770 24,
703 1695 759 1768 76;
783 1692 875 1752 Aead.
895 1696 973 1770 post.
992 1693 1008 1751 I
1029 1696 1080 1772 12,
1100 1695 1153 1752 44.

587 2047 691 2107 XVIII

178 2163 267 2252 ήκαλ
290 2164 370 2232 νέον
393 2157 543 2251 μήλήσής
567 2162 779 2251 ἐπιπλήξεσιν
803 2161 1053 2250 ἐγκαταμιγνύς.

201 2369 287 2412 rasa.
329 2350 503 2410 Laertius
535 2350 636 2428 Dicg.
664 2348 709 2407 IV
738 2350 779 2408 33
800 2367 842 2427 sq.
876 2336 915 2426 ήν
947 2339 1155 2431 (Arcesilaus)

135 2441 405 2527 ἀξιωματικώτατος
424 2445 475 2507 καλ
493 2444 677 2528 συνηγμένος
694 2441 745 2506 καλ
764 2442 796 2506 ἐν
813 2447 848 2528 τή
867 2447 953 2529 λαλιᾷ
971 2439 1157 2518 διαστατικὸς

134 2548 193 2604 τῶν
216 2535 377 2623 ’ὀνομάτων
404 2539 563 2621 ἐπικόπτης
591 2536 649 2625 (sic
673 2561 775 2603 omnes
799 2543 870 2602 libri
892 2534 967 2624 mei)
990 2535 1025 2602 θ’
1050 2536 1157 2616 ἱκανὸς

135 2637 186 2700 καλ
203 2635 435 2720 παρρησιαστής·
454 2635 501 2701 διὸ
519 2637 570 2701 καλ
588 2635 678 2699 πόλιν
695 2633 711 2700 ό
729 2641 829 2719 Τίμων
843 2633 950 2702 οὑτωσὶ
966 2635 1033 2718 περὶ
1048 2633 1156 2700 αὐτοῦ·

136 2733 207 2795 «acl
223 2768 262 2779 -
279 2731 527 2817 ἕγκαταμιμνόςκ·
549 2730 625 2797 ὅθεν
646 2733 697 2810 καλ
719 2732 794 2815 πρὸς
816 2731 868 2799 τόν
890 2730 1077 2816 θρασύτερον
1094 2741 1154 2798 κτλ

137 2825 357 2915 (adnectuntur
387 2835 649 2913 vituperationum
681 2837 818 2912 exempla
850 2836 941 2912 plena
972 2834 1092 2895 facetiis
1125 2839 1156 2895 et

136 2933 211 2992 scite
235 2933 379 2992 adhibitis
402 2937 562 3010 poetarum
585 2926 746 3015 versibus).

208 3065 257 3120 καλ
275 3064 343 3122 νέον
362 3063 486 3138 μηλήσης
503 3067 560 3138 PQ
570 3068 609 3124 V:
628 3069 678 3123 καλ
695 3066 763 3123 νέον
782 3064 819 3139 μή
838 3062 924 3136 λήσής
943 3067 981 3120 Μ
997 3064 1084 3122 Marc.
1102 3071 1154 3121 393

137 3153 228 3209 Vatic.
250 3159 309 3222 140,
328 3155 378 3209 καλ
396 3155 463 3211 νέον
482 3153 615 3228 μήλήοεις
632 3157 672 3226 Β,
693 3156 742 3211 καὶ
760 3153 827 3211 νέον
847 3152 884 3226 μή
904 3152 974 3228 λήσῃ
994 3173 1024 3209 σε
1045 3154 1086 3223 F,
1106 3154 1157 3209 καλ

137 3239 205 3297 νέον
224 3238 263 3312 μὴ
281 3238 368 3316 λήσής
384 3244 420 3298 H
435 3246 464 3299 et
482 3245 626 3301 Barbarin.
640 3251 701 3313 275,
721 3243 771 3299 καὶ
789 3243 857 3299 νέον
876 3241 914 3313 μή
932 3239 1018 3314 λόσῃς
1039 3241 1155 3298 GBur-

136 3329 202 3384 bon.
218 3335 269 3385 252
284 3332 313 3385 et
326 3333 351 3400 (3
371 3330 421 3387 aci
438 3332 505 3390 νέον
525 3328 560 3389 ori
578 3331 665 3405 λήσής
679 3333 847 3403 Stephanus,
866 3330 916 3387 καλ
929 3328 998 3387 νόον
1018 3326 1053 3387 eri
1068 3328 1155 3405 λήσῃς

137 3417 173 3472 Is.
189 3415 349 3490 Casaub0n‚
373 3420 422 3476 καλ
440 3418 509 3479 νόον
529 3417 563 3478 οὔ
583 3420 677 3492 λήσεις
694 3421 833 3491 Mullach,
856 3420 906 3477 καλ
924 3417 994 3476 νόον
1014 3417 1156 3492 αλμνλίοις

137 3505 343 3579 Wilamowitz‚
363 3509 518 3582 Ακτλμοκοσ
536 3529 565 3582 p.
585 3517 620 3566 72
639 3511 715 3579 νᾶσος
740 3512 858 3582 παίγνια
882 3507 920 3579 μή
943 3505 1029 3582 λόσῃς
1053 3525 1106 3580 ego
1125 3509 1156 3564 in
