2454 3840
524 131 567 139 -
615 95 677 159 178
723 131 767 139 —
992 121 1159 196 ‘amoris

141 259 185 318 IV
211 251 276 339 13).
318 257 428 318 similia
451 275 523 318 sane
546 257 608 318 iam
630 257 815 319 Timocrates
839 262 981 334 apostata
1004 262 1158 340 excogita-

142 358 229 417 verat
259 355 312 432 qui
340 372 374 416 co
397 372 494 432 usque
522 354 728 431 impudentiae
754 359 942 431 processerat
969 359 1006 416 ut
1035 364 1157 418 conten·

143 453 229 514 deret
251 445 342 512 αὐτὸν
365 449 411 524 tle
429 453 481 530 τῆς
498 444 609 530 ἡμέρας
627 450 707 530 ἐμεῖν
724 444 785 512 lat
802 454 918 530 τροφῆς
937 444 1055 534 (Laert.
1070 456 1100 516 X
1116 449 1158 537 6),

144 568 235 626 quem
257 549 355 608 secuti
377 549 574 626 suntmnlti,
597 549 678 610 inter
696 567 746 609 eos
762 548 938 609 Athenaeus
957 551 977 610 l.
996 568 1020 610 s.
1041 570 1064 612 s.
1084 544 1159 633 (VII

142 666 171 723 p.
192 639 295 727 280⁸)

604 873 690 933 LVII

187 995 320 1062 πολλῶν
344 990 558 1058 λασκεὸόνων
581 987 802 1079 λνμάνσορες,
826 990 1050 1060 ἑλπιὸολωταί

211 1177 298 1219 rnen.
335 1158 467 1218 Sextus
488 1157 620 1234 Empir.
640 1157 706 1218 adv.
727 1157 825 1236 dogm.
843 1156 872 1215 V
894 1159 954 1219 171
980 1157 1014 1218 ολ
1035 1153 1074 1237 δὴ
1102 1182 1159 1222 τοι·

144 1258 229 1316 οὗτοι
259 1248 432 1331 ὑποσχέσεις
463 1244 643 1335 (stoicorum
671 1256 778 1332 quales
805 1257 878 1315 sunt
905 1249 996 1333 μόνος
1023 1249 1040 1317 ὁ
1064 1252 1160 1335 σοφός

144 1349 203 1411 ἐστι
229 1345 384 1426 πλούσιος,
412 1344 504 1428 μόνος
532 1343 548 1411 ὃ
572 1346 667 1427 σοφός
696 1348 755 1411 ἐστι
780 1346 884 1432 καλός)
910 1347 1078 1431 θηρεύουσι
1107 1351 1160 1433 μὲν

144 1441 213 1520 τοὺς
235 1444 323 1520 νέονς
345 1444 441 1508 ἐλπίσι
462 1453 607 1527 ψυχραῖς,
630 1442 727 1509 οὖπέσι
750 1444 783 1509 δέ
806 1448 880 1510 εἰσιν
902 1443 1033 1528 ἀληθεῖς.
1081 1447 1159 1529 παρὰ

143 1538 232 1606 καὶὸ
259 1545 359 1623 Τίμων
382 1537 428 1605 ὁτὲ
451 1540 505 1623 μὲν
531 1538 600 1618 τοὺς
623 1542 890 1626 ἐπαγγελλομένους
913 1540 968 1624 τὴν
989 1543 1159 1626 παράδοσιν

146 1638 244 1705 αὐτῶν
267 1635 441 1703 ἐπισκώπτει
463 1639 567 1723 λέγων·
591 1645 730 1703 «πολλῶν
751 1674 791 1684 -
811 1640 1031 1705 ἐλπιδολοποιί».Ι

215 1772 396 1832 lacertosos
412 1775 522 1845 scripsi:
540 1771 704 1830 λοιποδόνων
725 1775 790 1830 libri
806 1781 809 1845 Ι
828 1771 1015 1852 ἐλπιδολιοσοιί
1030 1779 1159 1835 Meineke

143 1864 242 1935 philol,
257 1865 310 1919 XV
327 1882 355 1934 p.
370 1869 436 1918 calz
456 1859 629 1918 ἐπιδολωτοιί
640 1863 679 1932 G,
699 1859 864 1920 ἐπιδολοιοιί
881 1865 946 1932 0R;
966 1864 1161 1926 αέποὸολωτσλ

143 1953 301 2019 Fabricium
317 1948 505 2006 ἐλπιδοᾶιόπσι
519 1953 587 2007 olim
603 1953 711 2008 Vsener
725 1953 800 2021 (coll.
814 1949 1004 2021 ἐλπιδοδῶτην
1019 1955 1050 2010 in
1062 1955 1158 2026 hymn.

145 2040 239 2110 Apoll.
258 2060 283 2095 v.
304 2046 320 2094 6
339 2057 384 2110 ap.
404 2040 524 2096 Brunola
543 2041 618 2096 anal.
635 2041 662 2096 Il
681 2059 708 2112 p.
728 2045 790 2108 cla)

212 2208 308 2251 coum.
332 2183 516 2251 Λακεδόνων
534 2194 660 2267 propter
679 2190 811 2250 doricam
825 2169 953 2251 formam
966 2192 1159 2254 intolerabile

146 2306 210 2348 esse
224 2288 376 2348 intellexit
390 2287 559 2348 Meinekius
579 2288 632 2365 qni
650 2289 821 2365 graviorem
835 2290 1040 2370 corruptelam
1054 2293 1158 2353 odora·

145 2389 196 2445 tns
219 2390 274 2446 est.
311 2386 386 2444 mihi
409 2385 576 2461 simplicius
600 2389 631 2444 st
649 2385 837 2464 probabilius
859 2387 960 2447 visum
979 2392 1026 2448 est
1049 2389 1159 2449 substi-

145 2486 232 2542 tuere
251 2477 449 2558 λοσκεδόνων,
468 2481 549 2559 qnod
568 2500 586 2539 a
604 2474 701 2541 λοὶοιιω
721 2482 765 2541 ita
784 2483 955 2544 derivatum
970 2488 1007 2545 ut
1021 2479 1160 2562 ληθεδιόν

146 2597 164 2637 a
182 2572 283 2655 λήθω,
305 2572 437 2654 τηκεδοόν
457 2597 474 2637 a
492 2573 586 2656 τήνω,
609 2570 748 2658 σἰλγηδῶν
767 2579 805 2638 ab
824 2574 932 2659 σἰλγέω,
955 2574 1103 2660 ἀχθηδών
1123 2582 1160 2642 ab

145 2668 260 2753 ἆχθέω,
292 2674 353 2733 alia
385 2673 468 2733 haud
498 2692 596 2751 pauca
629 2694 707 2753 quas
740 2678 892 2754 congessit
918 2677 1089 2739 Lobeekius
1123 2679 1160 2740 ad

145 2771 326 2830 Buttmanni
349 2789 473 2850 gramm.
499 2771 548 2832 Gr.
572 2774 662 2849 ampl.
685 2765 733 2832 11²
756 2795 784 2849 p.
807 2776 885 2852 4073
914 2775 1065 2854 significat
1088 2796 1158 2838 vero

145 2868 266 2946 publice
289 2887 309 2930 a
332 2869 436 2931 stoicis
462 2861 597 2947 prolatas
626 2870 860 2932 declamationes
884 2875 915 2932 et
937 2874 1159 2952 promissiones,

147 2967 183 3026 ds
207 2966 317 3045 qnibns
337 2971 427 3028 antea
446 2967 523 3028 dixit
542 2967 659 3028 Sextus.
692 2968 749 3028 hae
773 2988 843 3030 oum
861 2989 963 3031 omnes
983 2972 1022 3046 ari
1040 2973 1161 3036 irritum

146 3065 337 3142 redigantur,
361 3064 449 3125 stoici
472 3083 576 3125 aarum
598 3057 778 3144 λνμοὶνιορες
800 3066 819 3125 i.
839 3086 863 3126 e.
884 3086 1038 3130 eversores
1057 3069 1160 3131 dicun-

148 3165 208 3237 tur,
223 3161 305 3236 quod
317 3162 411 3221 miror
420 3161 694 3222 Zimmermannum
702 3180 802 3241 progr.
813 3163 937 3244 Erlang.
946 3186 975 3243 p.
984 3168 1026 3228 23
1037 3168 1161 3248 fugisse.

146 3252 340 3318 ἐλπιδολωιαί
359 3277 431 3319 vero
454 3278 509 3335 pro
532 3256 763 3320 ἐλπιδοδολιοτολ
782 3260 887 3322 fictum
910 3266 956 3322 est
980 3283 1017 3324 ex
1035 3286 1162 3328 numero

148 3369 253 3413 eornm
279 3356 528 3434 compositorum,
560 3375 637 3436 quae
665 3358 810 3418 tractavit
837 3359 1005 3422 Lobeokins
1033 3366 1162 3444 paralip.

147 3468 191 3527 gr.
216 3448 266 3511 Gr.
289 3451 305 3510 Ι
327 3472 355 3530 p.
380 3455 422 3513 43
438 3471 480 3530 sq.

548 3574 760 3582 -————--—-..—.-
