2438 3832
64 166 145 207 nar
459 179 501 188 -
550 141 613 206 193
661 177 701 186 ·-

136 325 232 366 contr.
268 306 361 366 Multi
393 306 491 364 aculei
522 307 620 365 latent
651 303 683 364 in
714 304 762 364 his
794 304 940 381 versibus,
974 303 1086 382 quibus

63 405 226 482 aequalem
253 403 455 463 clarissimum
483 403 652 480 Stilponem
678 403 769 480 petiit
796 401 908 462 Grates.
954 402 1086 478 primum

65 503 149 562 enim
162 495 299 577 τνφωεύς
312 501 344 559 in
359 502 455 561 altero
469 520 560 562 versu
572 521 633 561 non
647 501 824 578 Typhonem
839 499 990 578 significat
1004 504 1040 560 ut
1053 501 1086 560 ib

66 599 206 675 exemplo
221 597 380 659 Homerico
396 600 449 659 sed
462 603 574 660 novata
589 618 606 658 a
621 597 742 658 Oratete
755 600 907 675 potestate
924 593 1087 658 ‘hominem

64 691 318 772 superbientem':
350 715 447 774 neque
481 696 583 757 obstat
616 697 697 773 quod
728 698 823 772 τῦφος
853 695 998 772 priorem¹
1016 717 1085 774 pro-

65 795 192 854 ductam
224 793 328 872 habet,
360 813 432 853 nam
462 795 547 855 verbi
578 789 663 871 τύφιι
694 793 780 854 radix
812 793 879 870 ipsa
911 792 1011 852 brevis
1040 799 1086 854 est

65 884 218 972 (τέθῦφα,
249 880 375 973 Irippo)
405 895 436 952 et
463 891 501 950 ab
526 891 618 969 epicis
644 893 781 967 correpta
804 891 902 966 prima
925 889 1087 950 verborum

69 982 225 1065 Τνφωεύς,
250 983 384 1065 Tarpeios
403 988 516 1048 Atticis
539 988 718 1065 producitur
735 988 768 1045 in
789 989 900 1062 Τυφώς
919 990 949 1046 et
965 980 1086 1062 Τυφών.

66 1086 140 1145 dein
158 1086 275 1164 reliqua
295 1086 395 1146 omnia
414 1085 554 1164 ambigue
574 1089 646 1145 sunt
665 1085 754 1144 dicta.
786 1084 875 1142 nihili
894 1084 1016 1161 quidem
1033 1090 1087 1163 est,

66 1183 151 1261 quod
183 1183 366 1260 opinabatur
393 1183 525 1243 Orellius
558 1183 597 1242 ad
623 1182 752 1260 Hesyoh.
775 1182 871 1242 Miles.
894 1203 924 1259 p.
948 1185 988 1242 52
1013 1183 1085 1244 Me·

66 1298 157 1358 gara
178 1280 284 1340 Attica
307 1282 432 1341 confusa
458 1300 521 1342 esse
545 1301 563 1340 a
587 1279 708 1341 Oratete
731 1299 800 1340 cum
822 1279 953 1359 Megaris
974 1281 1085 1342 Siculis

67 1376 108 1436 ad
131 1376 261 1437 Aetnam
290 1379 369 1457 sitis,
402 1380 454 1438 sed
483 1399 545 1439 una
572 1399 608 1438 ex
635 1382 724 1456 parto
750 1397 855 1439 revera
881 1379 1085 1458 intellegenda

66 1477 140 1534 sunt
164 1475 288 1554 Megara
310 1473 428 1554 Attica,
456 1477 510 1535 ubi
534 1477 653 1553 Stilpon
680 1476 839 1537 habitavit.
885 1480 952 1536 tum
979 1497 1084 1538 versus

65 1571 197 1648 proximi
225 1577 273 1633 sat
299 1573 425 1649 probam
452 1578 484 1633 et
505 1575 671 1650 perfectam
694 1573 792 1633 obiter
813 1573 986 1649 inspicienti
1008 1576 1085 1636 hanc

65 1668 214 1744 praebent
236 1670 428 1729 sententiam:
452 1663 585 1747 ‘Stilpon
608 1671 733 1746 eiusque
756 1671 886 1730 asseclae
910 1671 947 1730 de
968 1671 1082 1733 virtute

66 1784 100 1824 re
128 1765 194 1842 ipsa
222 1767 360 1844 neglecta
383 1767 475 1827 verbo
499 1771 587 1828 tenus
612 1761 857 1844 disputaverunt’
882 1760 932 1850 (cf.
956 1768 1084 1829 Luciani

66 1861 252 1938 κατατρίβειν
274 1855 306 1922 τὸ
328 1865 381 1941 τῆς
400 1857 505 1941 ἀρετῆς
524 1856 646 1946 ὅνομιι);
671 1884 730 1942 quo
753 1865 881 1942 probato
904 1860 1020 1925 διώκειν
1039 1873 1086 1929 est

66 1951 248 2032 ‘exponere'.
285 1963 376 2037 atque
396 1981 501 2022 verum
520 1966 566 2022 est
581 1962 750 2039 Stilponem
767 1963 861 2023 etiam
874 1963 981 2026 ethicis
995 1965 1084 2036 rebus

66 2051 194 2130 operam
214 2074 342 2116 navasse
366 2049 416 2139 (of.
441 2059 550 2138 Sanco,
576 2061 660 2138 epist.
684 2061 878 2139 mor.19,1
902 2065 932 2122 et
952 2054 995 2144 3).
1033 2065 1085 2124 sed

67 2150 202 2211 nondum
221 2152 343 2230 dispicis
361 2174 415 2214 our
429 2155 549 2234 Stilpon
563 2158 707 2236 gravibus
722 2159 876 2219 doloribus
892 2160 1023 2221 afflictus
1039 2163 1087 2240 sit,

67 2268 123 2308 our
147 2250 210 2310 eius
234 2245 318 2311 edoni
342 2259 623 2316 commemorentur:
648 2256 730 2334 quod
748 2257 849 2333 ipsum
866 2258 984 2334 patebit
1002 2264 1086 2335 pate·

67 2347 158 2407 factis
186 2349 341 2410 obscaenis
369 2351 486 2411 facetiis
516 2373 593 2431 quae
621 2354 726 2413 insunt
753 2354 785 2412 in
807 2375 835 2413 v.
859 2356 888 2412 4.
934 2374 1005 2413 nam
1031 2349 1086 2433 τὴν

67 2439 176 2524 ἄρετὴν
193 2441 275 2526 παρὰ
292 2443 411 2530 γράμμα
429 2450 529 2511 verbis
545 2451 733 2538 significatur
745 2470 851 2512 vocem
865 2444 971 2530 ιἰρετὴν
985 2453 1086 2513 detor·

69 2545 220 2621 quendam
247 2566 311 2608 esse
340 2567 376 2607 ex
402 2549 519 2608 ratione
547 2543 793 2630 καραγριὲμματος
819 2549 970 2611 notissimi
993 2569 1085 2611 anno·

68 2641 244 2702 minationis
281 2646 398 2723 generis
437 2639 592 2726 (similiter
626 2648 702 2707 lusit
735 2648 841 2708 iisdem
873 2648 973 2709 verbis
1004 2642 1086 2726 παρὰ

67 2732 188 2818 γράμμα
201 2741 356 2816 usurpatis
370 2743 539 2802 Numenius
556 2746 638 2805 anth.
653 2744 717 2803 Pal.
727 2745 787 2804 ΧΠ
802 2738 868 2825 28).
893 2766 953 2823 qua
967 2748 1084 2806 ratione

68 2833 96 2894 si
115 2824 222 2911 oleario
239 2836 375 2912 verteris,
395 2840 503 2897 evadet
521 2834 628 2917 ἕτιὶρην
647 2835 810 2900 ‘meretrix'
831 2833 882 2920 (of.
892 2841 1001 2901 Athen.
1012 2844 1088 2903 XIII

67 2953 97 3008 p.
119 2932 196 2990 571Θ
214 2931 268 2991 ubi
281 2932 449 2992 Meinekius
468 2937 551 2993 certa
570 2933 777 2994 emendatione
797 2933 907 3013 ἓταρῶν
925 2931 1088 3019 restituit).

68 3030 146 3087 hanc
165 3028 262 3106 igitur
275 3024 431 3103 διώκοντες
444 3028 614 3110 κατέτριβον
629 3031 777 3110 Stilponei
790 3036 910 3093 mutata
924 3033 1085 3094 verborum

68 3125 299 3204 significatione,
322 3146 393 3186 nam
416 3122 562 3188 διώκειν
585 3149 664 3189 nuno
686 3134 731 3190 est
751 3125 910 3208 ‘equitare'
930 3135 961 3191 et
979 3155 1086 3195 κατα·

67 3223 205 3301 τρίβειν
231 3225 262 3283 in
285 3224 376 3284 rebus
400 3226 554 3286 obscaenis
578 3229 723 3288 sollemne
748 3231 793 3288 est
817 3219 869 3309 (of.
892 3229 1003 3290 Pollux
1025 3231 1086 3292 VH

69 3322 111 3380 39
138 3313 158 3397 ἡ
182 3320 423 3402 κατατετριμμένη
448 3318 573 3406 ἕταίρα);
603 3325 664 3385 iarn
692 3327 785 3385 etiam
813 3320 900 3387 εὐναί
925 3332 956 3389 et
983 3325 1084 3408 χαλέπ’

68 3410 158 3495 ἄλγεα
194 3422 495 3498 comprehenduntur.
550 3424 765 3501 comprobatur
801 3443 871 3486 vero
908 3425 983 3485 haee
1020 3443 1086 3484 sen-

68 3515 166 3574 tentia
207 3536 241 3576 eo
279 3520 361 3596 quod
398 3520 568 3598 Stilponem
603 3522 814 3584 mulierosum
843 3523 951 3592 tuisse
986 3517 1126 3571 nemetae»

123 3621 272 3670 veterescit
870 3621 914 3668 ss
