2438 3832
56 139 217 181 rum—v
448 150 485 158 -
536 113 597 178 191
648 149 686 158 -

55 291 121 327 αοιν
132 271 302 340 aliquotiens
313 272 471 339 correptam
485 267 570 322 inisse
583 267 711 334 doceant,
722 265 898 336 corruptelae
909 265 1070 336 suspectum

56 361 175 416 habenti
189 359 374 430 Xenophanes
394 353 532 413 οεδοὶαοιο
546 351 670 419 ἅπαντες
684 355 797 411 videtur
811 354 964 425 scripsisse,
982 353 1071 408 idem-

57 466 112 517 que
132 448 189 503 iam
207 447 354 519 proposuit
368 445 488 501 Cobetus
506 445 537 500 in
554 445 673 514 praefat.
688 443 830 500 Gaisfordi
846 442 963 498 adedit.
977 442 1071 513 Etym.

57 539 154 606 Magn.
168 555 196 606 p.
207 541 237 602 83
252 537 302 591 sed
316 535 350 590 cf.
360 534 504 590 Nauckius
516 534 660 606 Me'loupce
676 532 790 589 (ia-Ro.
801 532 827 586 V
836 550 862 601 p.
873 537 924 586 1‘10
938 532 985 600 (=
994 533 1072 588 Ball.

56 627 91 682 de
109 623 217 680 i'Acacl.
237 624 303 693 imp.
323 622 400 678 XXX
419 621 515 692 [1885]
534 640 561 691 p.
578 624 622 688 75)

57 735 272 744 -..-.--—⁴——

127 809 222 851 comm.
258 789 391 849 Permire
419 807 437 847 a
464 787 648 864 Xenophane
676 787 795 846 irrisam
821 805 886 846 esse
912 787 1074 848 dictionem

60 889 255 949 Homericam
287 885 317 958 ἐξ
349 879 441 964 ἀρχῆς
467 883 590 961 putavit
622 883 866 945 Schneidewinus
892 885 912 944 l.
941 903 964 944 s.
992 885 1074 944 relu-

60 989 147 1046 tatus
171 1004 188 1043 a
212 984 371 1043 Welelrero
400 982 476 1059 epici
500 981 578 1057 cycli
599 981 616 1040 I
638 1002 667 1058 p.
693 984 754 1042 186
780 985 810 1042 et
833 983 911 1060 458,
944 999 1075 1059 quocum

62 1081 304 1160 Sengebusehius
331 1079 451 1139 Homer.
480 1078 549 1138 diss.
572 1078 589 1137 I
613 1099 641 1155 p.
668 1080 729 1138 131
757 1079 923 1138 rectissime
957 1079 1075 1157 statuit,

60 1178 277 1254 Xenophanem
305 1195 394 1255 aegre
421 1175 541 1253 tulisse,
569 1175 651 1253 quod
677 1176 765 1253 pueri
787 1175 818 1234 in
840 1175 921 1236 ludis
943 1176 1075 1236 Homero

62 1275 193 1335 maxime
217 1274 343 1353 legendo
367 1277 398 1334 et
421 1272 560 1334 discendo
579 1278 801 1351 exercerentur3
824 1273 893 1333 inde
912 1274 993 1334 enim
1010 1273 1076 1333 fieri

61 1376 99 1432 ut
122 1391 223 1432 omnes
246 1390 356 1450 pravas
379 1372 416 1432 de
440 1371 486 1432 dis
510 1372 664 1449 opiniones
683 1372 861 1449 concipiant.

504 1696 549 1754 r
573 1686 617 1777 (a)

132 1820 248 1881 Gellius
270 1818 357 1878 Noet.
381 1818 446 1879 Att.
469 1819 516 1878 ΙΠ
538 1824 587 1897 11,
606 1823 625 1880 2
651 1821 704 1880 clii
725 1821 887 1882 Homerum
909 1839 996 1896 pauca
1018 1823 1078 1882 Hc·

61 1918 177 1980 οἱοᾱοοο
208 1919 347 1976 metuam
373 1921 446 1976 aaa
473 1919 565 1991 scisse
591 1920 769 1993 scripserint
795 1921 828 1978 in
854 1921 958 1994 quihus
983 1919 1078 1980 Pluto-

62 2015 168 2078 chorue
190 2017 216 2073 et
240 2013 438 2088 Xenophanes.

62 2133 278 2145 .—-————

132 2208 227 2250 coum.
265 2190 402 2268 Apparet
437 2189 571 2250 Gellium
601 2191 678 2250 hanc
710 2193 885 2253 memoriam
917 2213 1035 2255 omnem
1063 2215 1079 2255 e

65 2287 285 2350 Philochoro
312 2289 448 2366 petiisse,
477 2289 591 2365 optimo
619 2307 690 2348 sane
718 2293 855 2368 auctore,
885 2293 984 2352 nescio
1009 2311 1079 2353 vero

66 2385 100 2442 in
131 2404 192 2461 quo
223 2387 355 2446 carmine
389 2385 586 2464 probabilius·
610 2389 766 2448 statuatur
796 2389 1013 2466 Xenophanem
1044 2388 1080 2448 de

66 2479 193 2542 Homeri
220 2483 405 2563 Hesiodiqne
434 2487 535 2545 aetate
561 2483 710 2545 iudicasse
739 2505 831 2564 qnam
858 2487 890 2546 in
917 2486 1003 2546 sillia.
1043 2485 1082 2546 ad

67 2577 160 2638 κτίσιν
175 2583 359 2659 Κολοφῶνος
373 2582 475 2644 Odcfr.
485 2583 650 2643 Muellerus
667 2583 735 2643 hist.
750 2575 850 2645 litt1²
862 2605 891 2662 p.
905 2586 965 2644 142
982 2583 1049 2644 adn.
1062 2587 1078 2644 1

67 2675 173 2752 refert,
202 2695 271 2735 eum
299 2678 353 2737 alii
381 2698 417 2739 ex
445 2681 510 2740 sola
536 2682 692 2741 nominum
715 2682 746 2740 in
769 2684 876 2762 fragm.
899 2683 931 2742 Π
954 2684 1081 2743 colloca·

67 2771 151 2831 tione
165 2770 357 2848 Xenophanis
381 2779 562 2838 sententiam
580 2778 749 2840 derivatam
767 2798 832 2840 esse
854 2813 891 2822 -
912 2799 960 2839 me
983 2779 1082 2840 iudice

68 2866 144 2928 satis
158 2866 450 2944 improbabiliter—
465 2873 648 2934 contendant
662 2865 714 2954 (cf.
724 2876 846 2936 Hesiod.
856 2876 901 2936 ed.
912 2875 1081 2954 Goettling·

9 2957 17 2970 '
67 2965 170 3026 Flach.
190 2985 217 3041 p.
232 2958 326 3048 XXI).
