<?xml version="1.0" encoding="UTF-8"?>
<!DOCTYPE html PUBLIC "-//W3C//DTD XHTML 1.0 Transitional//EN"
    "http://www.w3.org/TR/xhtml1/DTD/xhtml1-transitional.dtd">
<html xmlns="http://www.w3.org/1999/xhtml" xml:lang="en" lang="en">
 <head>
  <title>
</title>
<meta http-equiv="Content-Type" content="text/html;charset=utf-8" />
  <meta name='ocr-system' content='tesseract 3.04.00' />
  <meta name='ocr-capabilities' content='ocr_page ocr_carea ocr_par ocr_line ocrx_word'/>
</head>
<body>
  <div class='ocr_page' id='page_1' title='image "./corpusculumpoes00brangoog_0115.png"; bbox 0 0 2454 3840; ppageno 0'>
   <div class='ocr_carea' id='block_1_1' title="bbox 524 141 1167 209">
    <p class='ocr_par' dir='ltr' id='par_1_1' title="bbox 524 141 1167 209">
     <span class='ocr_line' id='line_1_1' title="bbox 524 141 1167 209; baseline 0.005 -3"><span class='ocrx_word' id='word_1_1' title='bbox 524 177 566 188; x_wconf 92' lang='lat'>-—</span> <span class='ocrx_word' id='word_1_2' title='bbox 615 141 678 206; x_wconf 88' lang='lat'>108</span> <span class='ocrx_word' id='word_1_3' title='bbox 725 177 767 187; x_wconf 93' lang='lat'>—-</span> <span class='ocrx_word' id='word_1_4' title='bbox 1034 165 1167 209; x_wconf 80' lang='lat' dir='ltr'>rrnorus</span> 
     </span>
    </p>
   </div>
   <div class='ocr_carea' id='block_1_2' title="bbox 119 301 1166 3610">
    <p class='ocr_par' dir='ltr' id='par_1_2' title="bbox 140 301 1166 2430">
     <span class='ocr_line' id='line_1_2' title="bbox 142 301 1166 392; baseline 0.001 -25"><span class='ocrx_word' id='word_1_5' title='bbox 142 311 174 367; x_wconf 89' lang='lat' dir='ltr'>et</span> <span class='ocrx_word' id='word_1_6' title='bbox 191 306 336 366; x_wconf 89' lang='lat' dir='ltr'>Heinaius</span> <span class='ocrx_word' id='word_1_7' title='bbox 358 306 392 364; x_wconf 91' lang='lat' dir='ltr'>in</span> <span class='ocrx_word' id='word_1_8' title='bbox 414 324 519 366; x_wconf 87' lang='lat' dir='ltr'>comm.</span> <span class='ocrx_word' id='word_1_9' title='bbox 543 305 645 367; x_wconf 89' lang='lat' dir='ltr'>societ.</span> <span class='ocrx_word' id='word_1_10' title='bbox 666 305 774 366; x_wconf 77' lang='lat' dir='ltr'>Saron.</span> <span class='ocrx_word' id='word_1_11' title='bbox 793 304 838 364; x_wconf 84' lang='lat' dir='ltr'>Vl</span> <span class='ocrx_word' id='word_1_12' title='bbox 855 305 915 367; x_wconf 84' lang='lat' dir='ltr'>vol.</span> <span class='ocrx_word' id='word_1_13' title='bbox 935 305 1052 382; x_wconf 84' lang='lat'>[1884]</span> <span class='ocrx_word' id='word_1_14' title='bbox 1074 327 1099 367; x_wconf 91' lang='lat' dir='ltr'>c.</span> <span class='ocrx_word' id='word_1_15' title='bbox 1120 301 1166 392; x_wconf 84' lang='lat'>4),</span> 
     </span>
     <span class='ocr_line' id='line_1_3' title="bbox 142 403 1165 480; baseline 0.002 -15"><span class='ocrx_word' id='word_1_16' title='bbox 142 403 306 465; x_wconf 89' lang='lat' dir='ltr'>dnmmodo</span> <span class='ocrx_word' id='word_1_17' title='bbox 329 405 361 462; x_wconf 91' lang='lat' dir='ltr'>in</span> <span class='ocrx_word' id='word_1_18' title='bbox 384 404 613 480; x_wconf 81' lang='lat' dir='ltr'>interpretanda</span> <span class='ocrx_word' id='word_1_19' title='bbox 635 403 798 463; x_wconf 74' lang='lat' dir='ltr'><strong>beatudine</strong></span> <span class='ocrx_word' id='word_1_20' title='bbox 822 422 892 464; x_wconf 89' lang='lat' dir='ltr'>cum</span> <span class='ocrx_word' id='word_1_21' title='bbox 917 405 972 464; x_wconf 93' lang='lat' dir='ltr'>illo</span> <span class='ocrx_word' id='word_1_22' title='bbox 1001 408 1165 467; x_wconf 87' lang='lat' dir='ltr'>consensit</span> 
     </span>
     <span class='ocr_line' id='line_1_4' title="bbox 142 495 1165 580; baseline 0.003 -18"><span class='ocrx_word' id='word_1_23' title='bbox 142 506 235 579; x_wconf 86' lang='lat' dir='ltr'>atque</span> <span class='ocrx_word' id='word_1_24' title='bbox 257 495 417 580; x_wconf 71' lang='grc' dir='ltr'><strong><em>ἀταραξίαν</em></strong></span> <span class='ocrx_word' id='word_1_25' title='bbox 434 501 658 562; x_wconf 80' lang='lat' dir='ltr'>Democriteum</span> <span class='ocrx_word' id='word_1_26' title='bbox 675 519 736 561; x_wconf 90' lang='lat' dir='ltr'>uon</span> <span class='ocrx_word' id='word_1_27' title='bbox 759 502 858 562; x_wconf 91' lang='lat' dir='ltr'>solum</span> <span class='ocrx_word' id='word_1_28' title='bbox 876 501 1090 579; x_wconf 70' lang='lat' dir='ltr'>comprobavit</span> <span class='ocrx_word' id='word_1_29' title='bbox 1112 505 1165 565; x_wconf 88' lang='lat' dir='ltr'>sed</span> 
     </span>
     <span class='ocr_line' id='line_1_5' title="bbox 142 591 1164 680; baseline 0.002 -20"><span class='ocrx_word' id='word_1_30' title='bbox 142 599 235 660; x_wconf 84' lang='lat' dir='ltr'>etiarn</span> <span class='ocrx_word' id='word_1_31' title='bbox 262 600 356 659; x_wconf 84' lang='lat' dir='ltr'>auxit.</span> <span class='ocrx_word' id='word_1_32' title='bbox 402 617 473 658; x_wconf 88' lang='lat' dir='ltr'>nam</span> <span class='ocrx_word' id='word_1_33' title='bbox 502 602 533 658; x_wconf 89' lang='lat' dir='ltr'>et</span> <span class='ocrx_word' id='word_1_34' title='bbox 558 591 592 659; x_wconf 75' lang='grc' dir='ltr'>τί)</span> <span class='ocrx_word' id='word_1_35' title='bbox 615 591 785 676; x_wconf 76' lang='grc' dir='ltr'><strong><em>ἆδιοὶφορον</em></strong></span> <span class='ocrx_word' id='word_1_36' title='bbox 807 602 838 659; x_wconf 81' lang='lat' dir='ltr'>ec</span> <span class='ocrx_word' id='word_1_37' title='bbox 860 593 1005 680; x_wconf 70' lang='grc' dir='ltr'><strong><em>ἄστοργον</em></strong></span> <span class='ocrx_word' id='word_1_38' title='bbox 1027 601 1164 678; x_wconf 83' lang='lat' dir='ltr'>Pyrrho·</span> 
     </span>
     <span class='ocr_line' id='line_1_6' title="bbox 141 688 1164 779; baseline 0.002 -21"><span class='ocrx_word' id='word_1_39' title='bbox 141 699 191 759; x_wconf 85' lang='lat' dir='ltr'>nis</span> <span class='ocrx_word' id='word_1_40' title='bbox 221 697 363 760; x_wconf 89' lang='lat' dir='ltr'>laudasse</span> <span class='ocrx_word' id='word_1_41' title='bbox 395 697 530 758; x_wconf 73' lang='lat' dir='ltr'><strong>traditur</strong></span> <span class='ocrx_word' id='word_1_42' title='bbox 561 688 676 778; x_wconf 79' lang='lat' dir='ltr'>(Laert.</span> <span class='ocrx_word' id='word_1_43' title='bbox 700 694 789 774; x_wconf 78' lang='lat' dir='ltr'>Diog.</span> <span class='ocrx_word' id='word_1_44' title='bbox 812 697 856 756; x_wconf 93' lang='lat' dir='ltr'>IX</span> <span class='ocrx_word' id='word_1_45' title='bbox 879 689 937 779; x_wconf 86' lang='grc'>63)</span> <span class='ocrx_word' id='word_1_46' title='bbox 966 701 997 758; x_wconf 90' lang='lat' dir='ltr'>et</span> <span class='ocrx_word' id='word_1_47' title='bbox 1025 698 1164 760; x_wconf 87' lang='lat' dir='ltr'>dolorem</span> 
     </span>
     <span class='ocr_line' id='line_1_7' title="bbox 141 793 1162 874; baseline 0.003 -19"><span class='ocrx_word' id='word_1_48' title='bbox 141 796 206 873; x_wconf 90' lang='lat' dir='ltr'>ipse</span> <span class='ocrx_word' id='word_1_49' title='bbox 229 795 275 856; x_wconf 87' lang='lat' dir='ltr'>ita</span> <span class='ocrx_word' id='word_1_50' title='bbox 297 795 480 872; x_wconf 90' lang='lat' dir='ltr'>contempsit</span> <span class='ocrx_word' id='word_1_51' title='bbox 501 798 538 855; x_wconf 90' lang='lat' dir='ltr'>ut</span> <span class='ocrx_word' id='word_1_52' title='bbox 560 812 615 871; x_wconf 93' lang='lat' dir='ltr'>per</span> <span class='ocrx_word' id='word_1_53' title='bbox 632 793 863 855; x_wconf 85' lang='lat' dir='ltr'>Nicocreontem</span> <span class='ocrx_word' id='word_1_54' title='bbox 882 795 975 873; x_wconf 81' lang='lat' dir='ltr'><strong>Cypri</strong></span> <span class='ocrx_word' id='word_1_55' title='bbox 992 800 1162 874; x_wconf 78' lang='lat' dir='ltr'>tyranuum</span> 
     </span>
     <span class='ocr_line' id='line_1_8' title="bbox 141 892 1162 969; baseline 0.003 -16"><span class='ocrx_word' id='word_1_56' title='bbox 141 894 173 953; x_wconf 90' lang='lat' dir='ltr'>in</span> <span class='ocrx_word' id='word_1_57' title='bbox 195 892 341 954; x_wconf 87' lang='lat' dir='ltr'>mortario</span> <span class='ocrx_word' id='word_1_58' title='bbox 364 895 510 954; x_wconf 86' lang='lat' dir='ltr'>contusus</span> <span class='ocrx_word' id='word_1_59' title='bbox 533 892 677 952; x_wconf 84' lang='lat' dir='ltr'>effaretur</span> <span class='ocrx_word' id='word_1_60' title='bbox 699 893 857 969; x_wconf 88' lang='lat' dir='ltr'>praeclara</span> <span class='ocrx_word' id='word_1_61' title='bbox 874 892 929 952; x_wconf 90' lang='lat' dir='ltr'>illa</span> <span class='ocrx_word' id='word_1_62' title='bbox 947 896 979 953; x_wconf 91' lang='lat' dir='ltr'>et</span> <span class='ocrx_word' id='word_1_63' title='bbox 997 893 1162 955; x_wconf 82' lang='lat' dir='ltr'>decantata</span> 
     </span>
     <span class='ocr_line' id='line_1_9' title="bbox 140 982 1163 1070; baseline 0 -18"><span class='ocrx_word' id='word_1_64' title='bbox 140 991 234 1053; x_wconf 84' lang='lat' dir='ltr'>verba</span> <span class='ocrx_word' id='word_1_65' title='bbox 250 989 360 1067; x_wconf 82' lang='grc' dir='ltr'><strong><em>πτίσσε,</em></strong></span> <span class='ocrx_word' id='word_1_66' title='bbox 382 989 482 1052; x_wconf 78' lang='grc' dir='ltr'><strong><em>ππίσσσ</em></strong></span> <span class='ocrx_word' id='word_1_67' title='bbox 501 983 553 1050; x_wconf 80' lang='grc' dir='ltr'>τὸν</span> <span class='ocrx_word' id='word_1_68' title='bbox 572 982 756 1068; x_wconf 77' lang='grc' dir='ltr'><strong><em>Ἀναξάρχου</em></strong></span> <span class='ocrx_word' id='word_1_69' title='bbox 773 982 924 1066; x_wconf 70' lang='grc' dir='ltr'><strong><em>θύλακον,</em></strong></span> <span class='ocrx_word' id='word_1_70' title='bbox 947 982 984 1050; x_wconf 74' lang='grc' dir='ltr'>οὗ</span> <span class='ocrx_word' id='word_1_71' title='bbox 1002 984 1062 1070; x_wconf 78' lang='grc' dir='ltr'>γὰρ</span> <span class='ocrx_word' id='word_1_72' title='bbox 1080 991 1163 1052; x_wconf 79' lang='grc' dir='ltr'><strong><em>πτίσ-</em></strong></span> 
     </span>
     <span class='ocr_line' id='line_1_10' title="bbox 140 1081 1163 1166; baseline 0 -17"><span class='ocrx_word' id='word_1_73' title='bbox 140 1104 200 1160; x_wconf 79' lang='grc' dir='ltr'><strong><em>σεις</em></strong></span> <span class='ocrx_word' id='word_1_74' title='bbox 219 1081 409 1166; x_wconf 76' lang='grc' dir='ltr'><strong><em>Ἀνάξαρχον.</em></strong></span> <span class='ocrx_word' id='word_1_75' title='bbox 448 1087 541 1148; x_wconf 88' lang='lat' dir='ltr'>etiam</span> <span class='ocrx_word' id='word_1_76' title='bbox 563 1087 595 1146; x_wconf 88' lang='lat' dir='ltr'>in</span> <span class='ocrx_word' id='word_1_77' title='bbox 617 1086 725 1164; x_wconf 78' lang='lat' dir='ltr'><strong>logicis</strong></span> <span class='ocrx_word' id='word_1_78' title='bbox 749 1086 970 1164; x_wconf 83' lang='lat' dir='ltr'>quodammodo</span> <span class='ocrx_word' id='word_1_79' title='bbox 993 1088 1163 1150; x_wconf 78' lang='lat' dir='ltr'>Democriti</span> 
     </span>
     <span class='ocr_line' id='line_1_11' title="bbox 141 1183 1163 1263; baseline 0 -17"><span class='ocrx_word' id='word_1_80' title='bbox 141 1185 273 1263; x_wconf 82' lang='lat' dir='ltr'>vestigia</span> <span class='ocrx_word' id='word_1_81' title='bbox 296 1183 458 1262; x_wconf 76' lang='lat' dir='ltr'>expressit,</span> <span class='ocrx_word' id='word_1_82' title='bbox 488 1203 559 1244; x_wconf 88' lang='lat' dir='ltr'>cnm</span> <span class='ocrx_word' id='word_1_83' title='bbox 581 1202 670 1244; x_wconf 89' lang='lat' dir='ltr'>sensa</span> <span class='ocrx_word' id='word_1_84' title='bbox 691 1185 781 1261; x_wconf 91' lang='lat' dir='ltr'>plane</span> <span class='ocrx_word' id='word_1_85' title='bbox 804 1184 928 1245; x_wconf 86' lang='lat' dir='ltr'>fallacia</span> <span class='ocrx_word' id='word_1_86' title='bbox 950 1203 1014 1246; x_wconf 89' lang='lat' dir='ltr'>esse</span> <span class='ocrx_word' id='word_1_87' title='bbox 1038 1191 1163 1246; x_wconf 91' lang='lat' dir='ltr'>conten·</span> 
     </span>
     <span class='ocr_line' id='line_1_12' title="bbox 142 1280 1162 1362; baseline 0 -20"><span class='ocrx_word' id='word_1_88' title='bbox 142 1283 202 1360; x_wconf 88' lang='lat' dir='ltr'>dit;</span> <span class='ocrx_word' id='word_1_89' title='bbox 225 1282 290 1359; x_wconf 88' lang='lat' dir='ltr'>ipss</span> <span class='ocrx_word' id='word_1_90' title='bbox 314 1281 394 1340; x_wconf 90' lang='lat' dir='ltr'>enim</span> <span class='ocrx_word' id='word_1_91' title='bbox 413 1284 445 1340; x_wconf 92' lang='lat' dir='ltr'>et</span> <span class='ocrx_word' id='word_1_92' title='bbox 461 1280 653 1342; x_wconf 88' lang='lat' dir='ltr'>Metrodorus</span> <span class='ocrx_word' id='word_1_93' title='bbox 671 1284 750 1342; x_wconf 90' lang='lat' dir='ltr'>teste</span> <span class='ocrx_word' id='word_1_94' title='bbox 770 1282 862 1342; x_wconf 82' lang='lat' dir='ltr'>Sexto</span> <span class='ocrx_word' id='word_1_95' title='bbox 874 1282 962 1359; x_wconf 81' lang='lat' dir='ltr'>Emp.</span> <span class='ocrx_word' id='word_1_96' title='bbox 977 1283 1045 1344; x_wconf 83' lang='lat' dir='ltr'>adv.</span> <span class='ocrx_word' id='word_1_97' title='bbox 1061 1283 1162 1362; x_wconf 81' lang='lat' dir='ltr'>dogm.</span> 
     </span>
     <span class='ocr_line' id='line_1_13' title="bbox 142 1370 1163 1461; baseline 0.003 -23"><span class='ocrx_word' id='word_1_98' title='bbox 142 1378 158 1438; x_wconf 98' lang='grc' dir='ltr'>Ι</span> <span class='ocrx_word' id='word_1_99' title='bbox 174 1379 215 1438; x_wconf 88' lang='grc'>88</span> <span class='ocrx_word' id='word_1_100' title='bbox 236 1370 289 1460; x_wconf 86' lang='lat' dir='ltr'>(cf.</span> <span class='ocrx_word' id='word_1_101' title='bbox 304 1371 363 1461; x_wconf 84' lang='grc'>48)</span> <span class='ocrx_word' id='word_1_102' title='bbox 386 1378 591 1460; x_wconf 70' lang='grc' dir='ltr'><strong><em>σκηνογραφίαν</em></strong></span> <span class='ocrx_word' id='word_1_103' title='bbox 608 1371 774 1440; x_wconf 70' lang='grc' dir='ltr'><strong><em>ἀπείκασον</em></strong></span> <span class='ocrx_word' id='word_1_104' title='bbox 790 1373 826 1439; x_wconf 80' lang='grc' dir='ltr'>τὰ</span> <span class='ocrx_word' id='word_1_105' title='bbox 845 1374 930 1455; x_wconf 74' lang='grc' dir='ltr'><strong><em>ὄντα,</em></strong></span> <span class='ocrx_word' id='word_1_106' title='bbox 951 1382 1013 1452; x_wconf 80' lang='grc' dir='ltr'><strong><em>τοῖς</em></strong></span> <span class='ocrx_word' id='word_1_107' title='bbox 1035 1401 1067 1442; x_wconf 83' lang='grc' dir='ltr'>τε</span> <span class='ocrx_word' id='word_1_108' title='bbox 1088 1374 1163 1441; x_wconf 76' lang='grc' dir='ltr'>κατὰ</span> 
     </span>
     <span class='ocr_line' id='line_1_14' title="bbox 142 1467 1161 1558; baseline 0.002 -22"><span class='ocrx_word' id='word_1_109' title='bbox 142 1469 260 1548; x_wconf 74' lang='grc' dir='ltr'><strong><em>ὕπνονς</em></strong></span> <span class='ocrx_word' id='word_1_110' title='bbox 281 1467 302 1554; x_wconf 75' lang='grc' dir='ltr'>ἢ</span> <span class='ocrx_word' id='word_1_111' title='bbox 321 1476 432 1554; x_wconf 85' lang='grc' dir='ltr'><strong><em>μανίαν</em></strong></span> <span class='ocrx_word' id='word_1_112' title='bbox 454 1474 671 1555; x_wconf 76' lang='grc' dir='ltr'><strong><em>προσπίπτουσι</em></strong></span> <span class='ocrx_word' id='word_1_113' title='bbox 692 1479 783 1536; x_wconf 73' lang='grc' dir='ltr'><strong><em>ταῦτα</em></strong></span> <span class='ocrx_word' id='word_1_114' title='bbox 806 1469 978 1555; x_wconf 78' lang='grc' dir='ltr'><strong><em>ὥμοιῶσθαι</em></strong></span> <span class='ocrx_word' id='word_1_115' title='bbox 998 1470 1161 1558; x_wconf 76' lang='grc' dir='ltr'><strong><em>ὑπέλαβον.</em></strong></span> 
     </span>
     <span class='ocr_line' id='line_1_15' title="bbox 142 1565 1160 1660; baseline 0.006 -28"><span class='ocrx_word' id='word_1_116' title='bbox 142 1569 344 1652; x_wconf 80' lang='lat' dir='ltr'>similiterque</span> <span class='ocrx_word' id='word_1_117' title='bbox 367 1592 402 1634; x_wconf 88' lang='lat' dir='ltr'>ac</span> <span class='ocrx_word' id='word_1_118' title='bbox 424 1573 617 1634; x_wconf 77' lang='lat' dir='ltr'>Democritus</span> <span class='ocrx_word' id='word_1_119' title='bbox 641 1565 691 1654; x_wconf 83' lang='lat' dir='ltr'>(fr.</span> <span class='ocrx_word' id='word_1_120' title='bbox 710 1593 784 1635; x_wconf 94' lang='lat' dir='ltr'>mor.</span> <span class='ocrx_word' id='word_1_121' title='bbox 805 1575 978 1635; x_wconf 80' lang='lat'>140-142</span> <span class='ocrx_word' id='word_1_122' title='bbox 997 1571 1160 1660; x_wconf 73' lang='lat' dir='ltr'>Mudlach.)</span> 
     </span>
     <span class='ocr_line' id='line_1_16' title="bbox 140 1670 1162 1749; baseline 0.006 -18"><span class='ocrx_word' id='word_1_123' title='bbox 140 1670 334 1749; x_wconf 81' lang='grc' dir='ltr'><strong><em>ποίνμαθίην</em></strong></span> <span class='ocrx_word' id='word_1_124' title='bbox 360 1671 405 1731; x_wconf 92' lang='lat' dir='ltr'>nil</span> <span class='ocrx_word' id='word_1_125' title='bbox 432 1672 534 1733; x_wconf 82' lang='lat' dir='ltr'>valere</span> <span class='ocrx_word' id='word_1_126' title='bbox 561 1670 621 1730; x_wconf 87' lang='lat' dir='ltr'>uisi</span> <span class='ocrx_word' id='word_1_127' title='bbox 647 1671 814 1748; x_wconf 88' lang='lat' dir='ltr'>prudenter</span> <span class='ocrx_word' id='word_1_128' title='bbox 836 1672 1005 1733; x_wconf 89' lang='lat' dir='ltr'>adhibitam</span> <span class='ocrx_word' id='word_1_129' title='bbox 1027 1674 1108 1736; x_wconf 84' lang='lat' dir='ltr'>dixit</span> <span class='ocrx_word' id='word_1_130' title='bbox 1130 1677 1162 1736; x_wconf 91' lang='lat' dir='ltr'>in</span> 
     </span>
     <span class='ocr_line' id='line_1_17' title="bbox 141 1768 1162 1851; baseline 0.005 -22"><span class='ocrx_word' id='word_1_131' title='bbox 141 1768 231 1829; x_wconf 89' lang='lat' dir='ltr'>unico</span> <span class='ocrx_word' id='word_1_132' title='bbox 254 1768 309 1830; x_wconf 88' lang='lat' dir='ltr'>illo</span> <span class='ocrx_word' id='word_1_133' title='bbox 322 1770 498 1847; x_wconf 77' lang='lat' dir='ltr'>fragmento</span> <span class='ocrx_word' id='word_1_134' title='bbox 518 1786 579 1845; x_wconf 88' lang='lat' dir='ltr'>quo</span> <span class='ocrx_word' id='word_1_135' title='bbox 598 1768 667 1845; x_wconf 88' lang='lat' dir='ltr'>ipsa</span> <span class='ocrx_word' id='word_1_136' title='bbox 684 1769 750 1830; x_wconf 90' lang='lat' dir='ltr'>eius</span> <span class='ocrx_word' id='word_1_137' title='bbox 767 1769 861 1831; x_wconf 83' lang='lat' dir='ltr'>verba</span> <span class='ocrx_word' id='word_1_138' title='bbox 878 1773 1000 1832; x_wconf 83' lang='lat' dir='ltr'>servata</span> <span class='ocrx_word' id='word_1_139' title='bbox 1017 1777 1100 1851; x_wconf 88' lang='lat' dir='ltr'>sunt,</span> <span class='ocrx_word' id='word_1_140' title='bbox 1126 1792 1162 1834; x_wconf 87' lang='lat' dir='ltr'>ea</span> 
     </span>
     <span class='ocr_line' id='line_1_18' title="bbox 142 1865 1161 1945; baseline 0.008 -20"><span class='ocrx_word' id='word_1_141' title='bbox 142 1884 263 1944; x_wconf 91' lang='lat' dir='ltr'>quoque</span> <span class='ocrx_word' id='word_1_142' title='bbox 291 1885 388 1945; x_wconf 83' lang='lat' dir='ltr'>genus</span> <span class='ocrx_word' id='word_1_143' title='bbox 416 1867 536 1928; x_wconf 90' lang='lat' dir='ltr'>dicendi</span> <span class='ocrx_word' id='word_1_144' title='bbox 563 1865 738 1927; x_wconf 84' lang='lat' dir='ltr'>exhibentia</span> <span class='ocrx_word' id='word_1_145' title='bbox 767 1868 940 1944; x_wconf 86' lang='lat' dir='ltr'>proximum</span> <span class='ocrx_word' id='word_1_146' title='bbox 965 1869 1161 1933; x_wconf 89' lang='lat' dir='ltr'>Democriteo</span> 
     </span>
     <span class='ocr_line' id='line_1_19' title="bbox 141 1954 1161 2043; baseline 0.009 -22"><span class='ocrx_word' id='word_1_147' title='bbox 141 1954 193 2042; x_wconf 83' lang='lat' dir='ltr'>(cf.</span> <span class='ocrx_word' id='word_1_148' title='bbox 209 1962 301 2023; x_wconf 85' lang='lat' dir='ltr'>Olem.</span> <span class='ocrx_word' id='word_1_149' title='bbox 316 1963 402 2024; x_wconf 84' lang='lat' dir='ltr'>Alex.</span> <span class='ocrx_word' id='word_1_150' title='bbox 417 1968 520 2024; x_wconf 88' lang='lat' dir='ltr'>strom.</span> <span class='ocrx_word' id='word_1_151' title='bbox 534 1964 550 2023; x_wconf 97' lang='lat' dir='ltr'>I</span> <span class='ocrx_word' id='word_1_152' title='bbox 566 1966 584 2024; x_wconf 89' lang='lat'>6</span> <span class='ocrx_word' id='word_1_153' title='bbox 604 1984 633 2041; x_wconf 89' lang='lat' dir='ltr'>p.</span> <span class='ocrx_word' id='word_1_154' title='bbox 650 1966 713 2024; x_wconf 83' lang='lat'>123</span> <span class='ocrx_word' id='word_1_155' title='bbox 730 1964 822 2043; x_wconf 86' lang='lat' dir='ltr'>Sylb,</span> <span class='ocrx_word' id='word_1_156' title='bbox 842 1967 905 2026; x_wconf 77' lang='lat'>337</span> <span class='ocrx_word' id='word_1_157' title='bbox 920 1966 1001 2027; x_wconf 90' lang='lat' dir='ltr'>Pott.</span> <span class='ocrx_word' id='word_1_158' title='bbox 1016 1992 1060 2016; x_wconf 89' lang='lat'>=</span> <span class='ocrx_word' id='word_1_159' title='bbox 1077 1968 1161 2030; x_wconf 83' lang='lat' dir='ltr'>Stob.</span> 
     </span>
     <span class='ocr_line' id='line_1_20' title="bbox 140 2059 1162 2142; baseline 0.01 -23"><span class='ocrx_word' id='word_1_160' title='bbox 140 2059 204 2120; x_wconf 87' lang='lat' dir='ltr'>flor.</span> <span class='ocrx_word' id='word_1_161' title='bbox 228 2060 356 2120; x_wconf 88' lang='lat' dir='ltr'>XXXIV</span> <span class='ocrx_word' id='word_1_162' title='bbox 381 2063 420 2122; x_wconf 88' lang='grc'>19</span> <span class='ocrx_word' id='word_1_163' title='bbox 456 2080 546 2138; x_wconf 89' lang='lat' dir='ltr'>quem</span> <span class='ocrx_word' id='word_1_164' title='bbox 578 2061 679 2122; x_wconf 88' lang='lat' dir='ltr'>locum</span> <span class='ocrx_word' id='word_1_165' title='bbox 706 2061 819 2142; x_wconf 79' lang='lat' dir='ltr'>insigni</span> <span class='ocrx_word' id='word_1_166' title='bbox 846 2063 984 2124; x_wconf 82' lang='lat' dir='ltr'>acumine</span> <span class='ocrx_word' id='word_1_167' title='bbox 1012 2068 1162 2129; x_wconf 83' lang='lat' dir='ltr'>tractavit</span> 
     </span>
     <span class='ocr_line' id='line_1_21' title="bbox 141 2155 1161 2247; baseline 0.009 -31"><span class='ocrx_word' id='word_1_168' title='bbox 141 2155 327 2236; x_wconf 83' lang='lat' dir='ltr'>Bernaysius</span> <span class='ocrx_word' id='word_1_169' title='bbox 340 2177 418 2219; x_wconf 91' lang='lat' dir='ltr'>mus.</span> <span class='ocrx_word' id='word_1_170' title='bbox 432 2158 526 2219; x_wconf 80' lang='lat' dir='ltr'>Rhea.</span> <span class='ocrx_word' id='word_1_171' title='bbox 536 2155 634 2236; x_wconf 90' lang='lat' dir='ltr'>VHp.</span> <span class='ocrx_word' id='word_1_172' title='bbox 646 2160 710 2220; x_wconf 85' lang='grc'>306</span> <span class='ocrx_word' id='word_1_173' title='bbox 722 2177 764 2237; x_wconf 91' lang='lat' dir='ltr'>sq.</span> <span class='ocrx_word' id='word_1_174' title='bbox 776 2186 817 2208; x_wconf 87' lang='lat'>==</span> <span class='ocrx_word' id='word_1_175' title='bbox 830 2159 896 2221; x_wconf 77' lang='lat' dir='ltr'>Ges.</span> <span class='ocrx_word' id='word_1_176' title='bbox 910 2159 986 2222; x_wconf 82' lang='lat' dir='ltr'>Aoo.</span> <span class='ocrx_word' id='word_1_177' title='bbox 1000 2162 1016 2221; x_wconf 97' lang='grc' dir='ltr'>Ι</span> <span class='ocrx_word' id='word_1_178' title='bbox 1029 2183 1059 2240; x_wconf 90' lang='lat' dir='ltr'>p.</span> <span class='ocrx_word' id='word_1_179' title='bbox 1072 2156 1161 2247; x_wconf 79' lang='grc'>123).</span> 
     </span>
     <span class='ocr_line' id='line_1_22' title="bbox 141 2254 1163 2339; baseline 0.009 -26"><span class='ocrx_word' id='word_1_180' title='bbox 141 2254 203 2315; x_wconf 89' lang='lat' dir='ltr'>fuit</span> <span class='ocrx_word' id='word_1_181' title='bbox 225 2255 322 2335; x_wconf 81' lang='lat' dir='ltr'>igitur</span> <span class='ocrx_word' id='word_1_182' title='bbox 339 2256 538 2317; x_wconf 70' lang='lat' dir='ltr'>humarchus</span> <span class='ocrx_word' id='word_1_183' title='bbox 555 2256 766 2318; x_wconf 87' lang='lat' dir='ltr'>Democriteus</span> <span class='ocrx_word' id='word_1_184' title='bbox 784 2276 956 2337; x_wconf 85' lang='lat' dir='ltr'>germanus,</span> <span class='ocrx_word' id='word_1_185' title='bbox 975 2278 1163 2339; x_wconf 85' lang='lat' dir='ltr'>quamquam</span> 
     </span>
     <span class='ocr_line' id='line_1_23' title="bbox 140 2353 1019 2430; baseline 0.003 -18"><span class='ocrx_word' id='word_1_186' title='bbox 140 2353 290 2430; x_wconf 81' lang='lat' dir='ltr'>scepticae</span> <span class='ocrx_word' id='word_1_187' title='bbox 313 2357 412 2414; x_wconf 83' lang='lat' dir='ltr'>sectae</span> <span class='ocrx_word' id='word_1_188' title='bbox 435 2354 559 2413; x_wconf 90' lang='lat' dir='ltr'>minime</span> <span class='ocrx_word' id='word_1_189' title='bbox 582 2354 654 2415; x_wconf 91' lang='lat' dir='ltr'>licet</span> <span class='ocrx_word' id='word_1_190' title='bbox 678 2372 748 2414; x_wconf 91' lang='lat' dir='ltr'>eum</span> <span class='ocrx_word' id='word_1_191' title='bbox 770 2354 949 2415; x_wconf 80' lang='lat' dir='ltr'>adscribere.</span> <span class='ocrx_word' id='word_1_192' title='bbox 1017 2365 1019 2370; x_wconf 87' lang='grc'><strong>’</strong></span> 
     </span>
    </p>

    <p class='ocr_par' dir='ltr' id='par_1_3' title="bbox 134 2451 1161 3405">
     <span class='ocr_line' id='line_1_24' title="bbox 208 2451 1160 2532; baseline 0.004 -21"><span class='ocrx_word' id='word_1_193' title='bbox 208 2451 267 2512; x_wconf 82' lang='lat' dir='ltr'>Sed</span> <span class='ocrx_word' id='word_1_194' title='bbox 289 2452 398 2512; x_wconf 88' lang='lat' dir='ltr'>hahuit</span> <span class='ocrx_word' id='word_1_195' title='bbox 420 2455 523 2512; x_wconf 90' lang='lat' dir='ltr'>tamen</span> <span class='ocrx_word' id='word_1_196' title='bbox 542 2452 649 2513; x_wconf 84' lang='lat' dir='ltr'>Timon</span> <span class='ocrx_word' id='word_1_197' title='bbox 668 2469 723 2510; x_wconf 90' lang='lat' dir='ltr'>cur</span> <span class='ocrx_word' id='word_1_198' title='bbox 740 2452 881 2531; x_wconf 80' lang='lat' dir='ltr'>magistri</span> <span class='ocrx_word' id='word_1_199' title='bbox 904 2453 953 2513; x_wconf 90' lang='lat' dir='ltr'>sui</span> <span class='ocrx_word' id='word_1_200' title='bbox 975 2455 1160 2532; x_wconf 83' lang='lat' dir='ltr'>magistrum</span> 
     </span>
     <span class='ocr_line' id='line_1_25' title="bbox 140 2544 1161 2630; baseline 0.005 -21"><span class='ocrx_word' id='word_1_201' title='bbox 140 2568 168 2610; x_wconf 84' lang='lat' dir='ltr'>v.</span> <span class='ocrx_word' id='word_1_202' title='bbox 194 2551 211 2608; x_wconf 90' lang='lat'>1</span> <span class='ocrx_word' id='word_1_203' title='bbox 238 2547 481 2610; x_wconf 73' lang='lat' dir='ltr'>ualentibus</span> <span class='ocrx_word' id='word_1_204' title='bbox 508 2548 641 2608; x_wconf 80' lang='lat' dir='ltr'>efferret:</span> <span class='ocrx_word' id='word_1_205' title='bbox 674 2549 767 2608; x_wconf 87' lang='lat' dir='ltr'>otiam</span> <span class='ocrx_word' id='word_1_206' title='bbox 789 2544 899 2611; x_wconf 81' lang='grc' dir='ltr'><strong><em>νύνεον</em></strong></span> <span class='ocrx_word' id='word_1_207' title='bbox 920 2546 1009 2628; x_wconf 72' lang='grc' dir='ltr'><strong><em>μένος</em></strong></span> <span class='ocrx_word' id='word_1_208' title='bbox 1040 2557 1161 2630; x_wconf 89' lang='lat' dir='ltr'>spectat</span> 
     </span>
     <span class='ocr_line' id='line_1_26' title="bbox 140 2635 1160 2729; baseline 0.005 -24"><span class='ocrx_word' id='word_1_209' title='bbox 140 2646 239 2705; x_wconf 89' lang='lat' dir='ltr'>solum</span> <span class='ocrx_word' id='word_1_210' title='bbox 270 2645 310 2704; x_wconf 90' lang='lat' dir='ltr'>ad</span> <span class='ocrx_word' id='word_1_211' title='bbox 342 2645 409 2705; x_wconf 88' lang='lat' dir='ltr'>eius</span> <span class='ocrx_word' id='word_1_212' title='bbox 440 2645 643 2705; x_wconf 85' lang='lat' dir='ltr'>constantiam</span> <span class='ocrx_word' id='word_1_213' title='bbox 675 2649 709 2706; x_wconf 91' lang='lat' dir='ltr'>et</span> <span class='ocrx_word' id='word_1_214' title='bbox 733 2635 887 2707; x_wconf 71' lang='grc' dir='ltr'><strong><em>ἀπάθειαν</em></strong></span> <span class='ocrx_word' id='word_1_215' title='bbox 913 2665 984 2708; x_wconf 84' lang='lat' dir='ltr'>vere</span> <span class='ocrx_word' id='word_1_216' title='bbox 1013 2650 1160 2729; x_wconf 81' lang='lat' dir='ltr'>cynicum,</span> 
     </span>
     <span class='ocr_line' id='line_1_27' title="bbox 140 2741 1160 2821; baseline 0.007 -20"><span class='ocrx_word' id='word_1_217' title='bbox 140 2757 233 2819; x_wconf 88' lang='lat' dir='ltr'>quam</span> <span class='ocrx_word' id='word_1_218' title='bbox 259 2745 357 2802; x_wconf 89' lang='lat' dir='ltr'>morte</span> <span class='ocrx_word' id='word_1_219' title='bbox 384 2741 607 2821; x_wconf 85' lang='lat' dir='ltr'>comprobarit,</span> <span class='ocrx_word' id='word_1_220' title='bbox 634 2741 757 2803; x_wconf 91' lang='lat' dir='ltr'>minime</span> <span class='ocrx_word' id='word_1_221' title='bbox 785 2744 824 2804; x_wconf 89' lang='lat' dir='ltr'>ad</span> <span class='ocrx_word' id='word_1_222' title='bbox 851 2742 1059 2806; x_wconf 86' lang='lat' dir='ltr'>adulationem</span> <span class='ocrx_word' id='word_1_223' title='bbox 1089 2747 1160 2808; x_wconf 84' lang='lat' dir='ltr'>Ale-</span> 
     </span>
     <span class='ocr_line' id='line_1_28' title="bbox 139 2838 1160 2932; baseline 0.006 -34"><span class='ocrx_word' id='word_1_224' title='bbox 139 2838 247 2898; x_wconf 83' lang='lat' dir='ltr'>xandri</span> <span class='ocrx_word' id='word_1_225' title='bbox 270 2856 348 2918; x_wconf 86' lang='lat' dir='ltr'>quae</span> <span class='ocrx_word' id='word_1_226' title='bbox 370 2841 438 2918; x_wconf 85' lang='lat' dir='ltr'>ipsa</span> <span class='ocrx_word' id='word_1_227' title='bbox 459 2840 535 2899; x_wconf 89' lang='lat' dir='ltr'>mire</span> <span class='ocrx_word' id='word_1_228' title='bbox 558 2840 691 2920; x_wconf 87' lang='lat' dir='ltr'>ingenua</span> <span class='ocrx_word' id='word_1_229' title='bbox 716 2840 859 2903; x_wconf 87' lang='lat' dir='ltr'>libertate</span> <span class='ocrx_word' id='word_1_230' title='bbox 886 2846 955 2932; x_wconf 69' lang='lat' dir='ltr'>erat</span> <span class='ocrx_word' id='word_1_231' title='bbox 980 2847 1160 2921; x_wconf 88' lang='lat' dir='ltr'>temperata.</span> 
     </span>
     <span class='ocr_line' id='line_1_29' title="bbox 138 2938 1161 3018; baseline 0.006 -21"><span class='ocrx_word' id='word_1_232' title='bbox 138 2955 195 2998; x_wconf 91' lang='lat' dir='ltr'>nec</span> <span class='ocrx_word' id='word_1_233' title='bbox 224 2939 354 3016; x_wconf 84' lang='lat' dir='ltr'>possunt</span> <span class='ocrx_word' id='word_1_234' title='bbox 386 2938 452 2999; x_wconf 82' lang='lat' dir='ltr'>eius</span> <span class='ocrx_word' id='word_1_235' title='bbox 479 2956 578 2999; x_wconf 89' lang='lat' dir='ltr'>mores</span> <span class='ocrx_word' id='word_1_236' title='bbox 605 2940 712 3017; x_wconf 87' lang='lat' dir='ltr'>quales</span> <span class='ocrx_word' id='word_1_237' title='bbox 745 2939 881 3018; x_wconf 85' lang='lat' dir='ltr'>depinxit</span> <span class='ocrx_word' id='word_1_238' title='bbox 909 2941 1018 3002; x_wconf 80' lang='lat' dir='ltr'>Tiuron</span> <span class='ocrx_word' id='word_1_239' title='bbox 1049 2944 1161 3004; x_wconf 85' lang='lat' dir='ltr'>melius</span> 
     </span>
     <span class='ocr_line' id='line_1_30' title="bbox 138 3032 1160 3117; baseline 0.005 -21"><span class='ocrx_word' id='word_1_240' title='bbox 138 3036 289 3098; x_wconf 86' lang='lat' dir='ltr'>illustrari</span> <span class='ocrx_word' id='word_1_241' title='bbox 317 3054 409 3113; x_wconf 88' lang='lat' dir='ltr'>quam</span> <span class='ocrx_word' id='word_1_242' title='bbox 436 3035 480 3096; x_wconf 90' lang='lat' dir='ltr'>eis</span> <span class='ocrx_word' id='word_1_243' title='bbox 504 3053 583 3113; x_wconf 87' lang='lat' dir='ltr'>quae</span> <span class='ocrx_word' id='word_1_244' title='bbox 605 3036 790 3098; x_wconf 87' lang='lat' dir='ltr'>Plutarchus</span> <span class='ocrx_word' id='word_1_245' title='bbox 813 3038 898 3098; x_wconf 82' lang='lat' dir='ltr'>Alex.</span> <span class='ocrx_word' id='word_1_246' title='bbox 924 3039 965 3098; x_wconf 78' lang='lat'>52</span> <span class='ocrx_word' id='word_1_247' title='bbox 998 3039 1121 3117; x_wconf 76' lang='lat' dir='ltr'>scripsit</span> <span class='ocrx_word' id='word_1_248' title='bbox 1143 3032 1160 3102; x_wconf 81' lang='lat' dir='ltr'>d</span> 
     </span>
     <span class='ocr_line' id='line_1_31' title="bbox 134 3123 1159 3216; baseline 0.007 -24"><span class='ocrx_word' id='word_1_249' title='bbox 134 3125 315 3213; x_wconf 80' lang='grc' dir='ltr'><strong><em>Ἀνάξαρχος</em></strong></span> <span class='ocrx_word' id='word_1_250' title='bbox 342 3132 439 3194; x_wconf 77' lang='grc' dir='ltr'><strong><em>ἰδίαν</em></strong></span> <span class='ocrx_word' id='word_1_251' title='bbox 466 3123 532 3194; x_wconf 76' lang='grc' dir='ltr'><strong><em>τινὰ</em></strong></span> <span class='ocrx_word' id='word_1_252' title='bbox 555 3128 756 3214; x_wconf 78' lang='grc' dir='ltr'><strong><em>πορευόμενος</em></strong></span> <span class='ocrx_word' id='word_1_253' title='bbox 784 3132 815 3209; x_wconf 74' lang='grc' dir='ltr'>ἐξ</span> <span class='ocrx_word' id='word_1_254' title='bbox 837 3130 931 3216; x_wconf 74' lang='grc' dir='ltr'><strong><em>ἀρχῆς</em></strong></span> <span class='ocrx_word' id='word_1_255' title='bbox 953 3128 1027 3197; x_wconf 79' lang='grc' dir='ltr'>ὁδὸν</span> <span class='ocrx_word' id='word_1_256' title='bbox 1050 3135 1085 3198; x_wconf 80' lang='grc' dir='ltr'>ἐν</span> <span class='ocrx_word' id='word_1_257' title='bbox 1107 3161 1159 3216; x_wconf 87' lang='grc' dir='ltr'>φι-</span> 
     </span>
     <span class='ocr_line' id='line_1_32' title="bbox 138 3224 1159 3316; baseline 0.005 -25"><span class='ocrx_word' id='word_1_258' title='bbox 138 3230 267 3312; x_wconf 71' lang='grc' dir='ltr'><strong><em>λοσοφία</em></strong></span> <span class='ocrx_word' id='word_1_259' title='bbox 293 3227 345 3292; x_wconf 73' lang='grc' dir='ltr'>καί</span> <span class='ocrx_word' id='word_1_260' title='bbox 371 3225 464 3305; x_wconf 76' lang='grc' dir='ltr'><strong><em>δόξαν</em></strong></span> <span class='ocrx_word' id='word_1_261' title='bbox 491 3224 620 3310; x_wconf 72' lang='grc' dir='ltr'><strong><em>εἰληφώς</em></strong></span> <span class='ocrx_word' id='word_1_262' title='bbox 646 3225 815 3311; x_wconf 79' lang='grc' dir='ltr'><strong><em>ὑπεροψίας</em></strong></span> <span class='ocrx_word' id='word_1_263' title='bbox 841 3229 892 3293; x_wconf 75' lang='grc' dir='ltr'>καὶ</span> <span class='ocrx_word' id='word_1_264' title='bbox 915 3227 1072 3316; x_wconf 70' lang='grc' dir='ltr'><strong><em>ὀλιγωρίας</em></strong></span> <span class='ocrx_word' id='word_1_265' title='bbox 1098 3238 1159 3297; x_wconf 77' lang='grc' dir='ltr'>τῶν</span> 
     </span>
     <span class='ocr_line' id='line_1_33' title="bbox 140 3320 756 3405; baseline 0.006 -19"><span class='ocrx_word' id='word_1_266' title='bbox 140 3320 293 3405; x_wconf 77' lang='grc' dir='ltr'><strong><em>συνήθων.</em></strong></span> <span class='ocrx_word' id='word_1_267' title='bbox 755 3325 756 3328; x_wconf 35' lang='grc'><strong>“</strong></span> 
     </span>
    </p>

    <p class='ocr_par' dir='ltr' id='par_1_4' title="bbox 119 3425 1160 3610">
     <span class='ocr_line' id='line_1_34' title="bbox 205 3425 1159 3509; baseline 0.007 -25"><span class='ocrx_word' id='word_1_268' title='bbox 205 3425 309 3487; x_wconf 86' lang='lat' dir='ltr'>Nihilo</span> <span class='ocrx_word' id='word_1_269' title='bbox 333 3425 429 3486; x_wconf 88' lang='lat' dir='ltr'>setius</span> <span class='ocrx_word' id='word_1_270' title='bbox 447 3425 645 3487; x_wconf 82' lang='lat' dir='ltr'>Anaxarchus</span> <span class='ocrx_word' id='word_1_271' title='bbox 667 3444 758 3488; x_wconf 83' lang='lat' dir='ltr'>verus</span> <span class='ocrx_word' id='word_1_272' title='bbox 782 3429 901 3506; x_wconf 87' lang='lat' dir='ltr'>sapiens</span> <span class='ocrx_word' id='word_1_273' title='bbox 923 3447 984 3490; x_wconf 92' lang='lat' dir='ltr'>uon</span> <span class='ocrx_word' id='word_1_274' title='bbox 1007 3429 1082 3509; x_wconf 86' lang='lat' dir='ltr'>fuit,</span> <span class='ocrx_word' id='word_1_275' title='bbox 1106 3431 1159 3491; x_wconf 88' lang='lat' dir='ltr'>sed</span> 
     </span>
     <span class='ocr_line' id='line_1_35' title="bbox 119 3515 1160 3610; baseline 0.012 -32"><span class='ocrx_word' id='word_1_276' title='bbox 119 3522 225 3581; x_wconf 83' lang='lat' dir='ltr'>solum</span> <span class='ocrx_word' id='word_1_277' title='bbox 249 3524 393 3602; x_wconf 84' lang='lat' dir='ltr'>sophista</span> <span class='ocrx_word' id='word_1_278' title='bbox 418 3515 461 3609; x_wconf 83' lang='lat' dir='ltr'>(r.</span> <span class='ocrx_word' id='word_1_279' title='bbox 488 3516 538 3610; x_wconf 86' lang='lat'>4),</span> <span class='ocrx_word' id='word_1_280' title='bbox 566 3527 604 3586; x_wconf 87' lang='lat' dir='ltr'>ut</span> <span class='ocrx_word' id='word_1_281' title='bbox 628 3525 723 3586; x_wconf 87' lang='lat' dir='ltr'>etiam</span> <span class='ocrx_word' id='word_1_282' title='bbox 742 3525 828 3603; x_wconf 88' lang='lat' dir='ltr'>apud</span> <span class='ocrx_word' id='word_1_283' title='bbox 844 3526 930 3589; x_wconf 72' lang='lat' dir='ltr'>rut.</span> <span class='ocrx_word' id='word_1_284' title='bbox 953 3526 1036 3587; x_wconf 79' lang='lat' dir='ltr'>Alex.</span> <span class='ocrx_word' id='word_1_285' title='bbox 1062 3530 1103 3589; x_wconf 78' lang='grc'>28</span> <span class='ocrx_word' id='word_1_286' title='bbox 1129 3533 1160 3590; x_wconf 91' lang='lat' dir='ltr'>et</span> 
     </span>
    </p>
   </div>
   <div class='ocr_carea' id='block_1_3' title="bbox 0 0 1232 3840">
    <p class='ocr_par' dir='ltr' id='par_1_5' title="bbox 0 0 1232 3840">
     <span class='ocr_line' id='line_1_36' title="bbox 0 0 1232 3840; baseline 0 1"><span class='ocrx_word' id='word_1_287' title='bbox 0 0 1232 3840; x_wconf 95' lang='lat' dir='ltr'> </span> 
     </span>
    </p>
   </div>
  </div>
 </body>
</html>
