2454 3840
538 149 579 158 -
628 112 692 176 144
738 148 779 157 -
1043 134 1172 177 unionis

156 278 389 354 incompertum
412 294 510 353 neque
534 276 613 335 euim
636 276 785 354 generalis
805 275 954 353 quaedam
972 276 1009 335 de
1028 276 1094 336 vita
1117 276 1172 336 hu·

157 393 247 433 mana
265 375 293 433 h.
308 375 328 433 1.
343 375 497 451 profertur
510 374 661 434 sententia
676 393 713 432 ex
727 393 788 452 qua
801 372 945 433 mortales
960 372 1104 433 dicantur
1113 366 1173 438 ‘ein

51 489 54 496 ·
158 470 320 532 Gemschto
344 489 398 532 aus
423 472 517 532 Streit
540 472 603 532 und
626 465 760 532 Seulzer'
786 463 879 553 (quac
901 488 1085 548 magnopere
1108 472 1172 549 pla-

156 569 221 630 cuit
239 569 470 636 Wilamowitzio
494 571 514 629 l.
531 587 553 628 s.
576 590 605 647 p.
620 571 663 628 43
679 561 770 650 adn).
808 569 913 646 itaque
935 567 1028 630 verba
1050 569 1083 628 in
1106 571 1172 646 qui·

156 664 213 724 bus
232 666 391 726 afferendis
406 666 588 727 Theodoreti
606 665 723 726 codices
742 667 903 745 insigniter
921 666 1096 743 discrepant
1109 686 1172 727 cor·

154 768 247 842 rupta
269 765 381 825 habeo:
404 768 597 842 expectamus
620 783 691 825 vcro
716 765 873 825 Timonem
895 784 931 825 ex
952 765 1173 826 consuetudine

154 879 210 922 sua
237 867 359 941 praeter
385 861 518 922 infinitas
546 862 766 922 controversias
791 861 1042 939 philosophorum
1070 880 1173 940 super·

154 957 236 1019 biam
254 960 482 1038 opinationesve
500 959 738 1036 reprehendisse;
762 959 885 1020 videtur
902 960 998 1038 igitur
1014 961 1080 1020 tale
1099 961 1173 1037 quid

154 1057 216 1116 fere
239 1058 334 1118 latere
358 1059 447 1136 quale
471 1076 563 1135 supra
581 1058 734 1135 proposui.
772 1063 899 1134 apparet
916 1062 1017 1118 tamen
1038 1058 1172 1117 'l'imonis

157 1154 257 1213 animo
281 1153 475 1216 obversatum
496 1173 561 1214 osse
584 1155 779 1223 decantatum
801 1154 880 1227 illud
901 1153 990 1214 τοίων
1012 1151 1046 1214 ἔν
1068 1148 1093 1212 τ’
1117 1151 1172 1233 spt-

120 1247 125 1260 “
156 1249 219 1311 lov
246 1247 279 1310 ἔκ
305 1272 335 1311 τε
357 1248 478 1312 νεικέων
504 1244 672 1331 γενόμεσθα
705 1243 850 1332 (allatum
877 1271 895 1311 a
918 1251 1102 1330 Porphyrio,
1136 1252 1172 1312 de

156 1346 264 1407 abstin.
287 1349 335 1408 111
359 1351 399 1409 27
423 1370 452 1425 p.
478 1350 555 1426 155,
580 1351 599 1408 3
623 1341 768 1431 Nauck),
797 1349 879 1426 quod
906 1349 1007 1427 ipsum
1030 1349 1081 1410 vel
1104 1369 1172 1427 pro·

155 1444 269 1504 fectum
296 1448 345 1507 vel
373 1445 521 1506 deflexum
549 1445 586 1506 ab
614 1446 809 1524 Empedocle‚
842 1447 896 1524 qui
921 1452 1053 1525 καθαρμ
1076 1468 1105 1508 v.
1133 1450 1170 1508 15

157 1533 252 1624 (401)
273 1543 316 1604 St.
339 1545 467 1604 mortale
490 1562 586 1622 genus
609 1545 652 1604 sic
676 1545 842 1621 appellavit
866 1542 938 1605 οἴων
961 1542 991 1616 ἐξ
1012 1543 1123 1624 ἐρίδων
1141 1545 1171 1606 ἔκ

151 1659 181 1698 τε
202 1644 352 1720 σεοναχῶν
374 1638 518 1722 ἐγένεσθε.

220 1738 286 1798 Hoc
305 1740 511 1818 fragmentum
530 1758 599 1800 curn
617 1738 807 1798 antecedenti
830 1743 911 1798 arcte
931 1740 1093 1800 cohaerere
1113 1745 1171 1802 sta·

154 1835 217 1895 tuit
243 1836 494 1899 Wilamowitnius
521 1839 541 1896 1.
565 1857 588 1897 s,
615 1859 644 1914 p.
668 1839 724 1912 40,
756 1840 920 1913 postquam
950 1837 982 1894 in
1014 1838 1069 1898 illo
1100 1861 1128 1900 v.
1153 1843 1169 1898 2

155 1930 310 2011 δαμνᾶσθε
333 1936 474 1995 coniecit:
497 1939 640 1996 neutrum
662 1934 738 1992 mihi
759 1933 913 2010 probetur.

586 2208 733 2270 XXXHH

197 2320 374 2412 ἄνθρωποι
398 2329 516 2412 κενεῆς
540 2324 669 2412 οἰήσιος
692 2329 826 2411 ἔμπλεοι
849 2321 954 2393 ἀσκοί.

221 2527 307 2568 rnsr.
331 2509 537 2571 Aristocles
561 2527 607 2586 ap.
627 2509 824 2570 Eusebium
847 2529 948 2587 praep.
974 2528 1080 2590 evang.
1106 2514 1170 2573 loco

156 2604 196 2664 ad
217 2605 253 2663 fr.
277 2607 407 2666 xxm
430 2605 599 2685 significato
622 2611 693 2684 post
716 2625 751 2666 ea
775 2627 852 2684 quae
876 2607 919 2666 ibi
942 2609 1035 2668 attuli
1057 2611 1171 2688 pergit:

155 2697 205 2760 acl
229 2695 409 2780 «ἅνθρωποι
427 2735 469 2745 -
488 2697 604 2764 ἀσκοί».
642 2704 893 2764 [theodoretus
922 2704 971 2765 Gr.
991 2707 1090 2767 effect.
1111 2727 1170 2768 cur.

154 2798 220 2857 loco
245 2799 284 2858 ad
303 2800 338 2859 fr.
357 2801 489 2862 XXXHI
513 2801 682 2881 significato
705 2807 775 2880 post
799 2823 834 2862 ea
858 2821 934 2882 quae
958 2803 1001 2862 ibi
1025 2805 1172 2884 adscripsi

155 2897 268 2976 pergit:
293 2891 478 2978 «ἅνθρωποιΙ
490 2933 533 2944 -
551 2895 667 2961 ἀσκοί».

224 3029 334 3101 clionee
351 3034 416 3088 Eua.
436 3035 459 3088 Ι

220 3217 315 3258 coum.
339 3201 515 3277 Epicharmi
533 3207 641 3262 notum
654 3220 775 3263 versum
793 3194 844 3283 (fr.
857 3205 918 3264 145
934 3203 1016 3283 Anu,
1031 3198 1135 3266 ἆδέσπ.
1152 3208 1169 3266 5

155 3288 292 3378 Lorenz.)
316 3291 390 3357 αὕτα
414 3293 503 3374 φύσις
521 3292 694 3378 ἀνθρώπων
717 3293 802 3361 ἀσκοὶ
823 3299 1040 3379 πεφνσιαμὲνοι
1061 3308 1170 3381 poetae

157 3391 351 3455 obversatum
365 3412 428 3455 esse
444 3397 554 3457 statuit
567 3398 749 3475 Xnaackius‚
764 3400 957 3459 coniectanea
972 3392 1092 3483 (1883)
1102 3423 1131 3479 p.
1144 3407 1170 3478 1,

154 3490 208 3566 qui
229 3496 387 3567 praeterea
410 3495 514 3554 eodem
536 3495 658 3555 rettulit
676 3496 892 3557 Petronianum
911 3499 951 3555 42
976 3502 1055 3560 utres
1073 3503 1172 3573 instuli
