2452 3832
482 97 701 162 ..ῃ-

81 266 220 323 nostrum
248 262 313 322 erit.
359 280 456 338 neque
484 261 574 320 huius
603 261 663 320 loci
690 265 736 321 est
759 261 795 320 de
818 261 919 321 satiris
943 260 1098 338 disputare

83 377 173 437 prosa
186 359 332 420 ‘oratione
356 359 541 435 conscriptis.

150 457 276 517 Praeter
294 449 470 516 ‘sermones'
489 473 561 516 vero
577 455 655 517 Bion
674 457 766 517 etiam
785 474 905 516 carmen
923 456 1099 534 parodicnm

83 555 213 632 scripsit.
246 555 307 614 fuit
326 553 406 613 enim
422 554 511 613 homo
526 545 641 630 εὐφυὴς
654 553 831 635 παρῳδῆσαι
844 545 892 634 (L.
911 554 947 613 D.
965 554 1010 613 Ν
1025 548 1099 635 52):

83 652 115 712 id
135 651 216 730 quod
235 670 304 711 eum
321 651 531 729 comprobasse
544 651 752 727 detorquendo
767 651 950 729 Theognidis
966 655 997 711 et
1009 651 1098 711 Euri-

82 750 162 828 pidis
176 767 282 810 versus
297 749 357 808 iam
371 768 463 826 supra
477 742 520 831 (p.
533 751 574 807 70
585 740 643 828 sq.)
654 748 795 808 vidimus.
824 750 876 809 sed
889 749 987 809 multo
1000 749 1098 826 magis

82 846 292 922 comprobavit
303 845 471 906 Homericis
484 846 626 923 parodiie.
650 845 813 906 Homerica
823 847 942 906 omnino
952 845 1098 905 lubentis-

83 945 157 1004 sime
181 937 581 1025 usurpavic1)n0ns01um
606 961 642 1002 ex
667 943 840 1020 cynicorum
862 962 944 1002 more
968 943 1099 1020 quodam

83 1041 235 1100 constanti
267 1040 319 1100 sed
351 1041 444 1101 etiam
470 1044 577 1117 utpote
605 1041 834 1118 Borysthenitai,
865 1040 1098 1118 Borysthenitae

84 1138 165 1196 enim
194 1129 300 1215 σχεδὸν
326 1131 433 1210 πάντες
455 1135 521 1215 περὶ
543 1131 595 1197 τὸν
617 1132 745 1217 ποιητὴν
768 1130 925 1219 (Ὅμηρον)
953 1133 1098 1199 ἐσπουδα-

82 1251 171 1293 κασιν
194 1237 225 1294 et
248 1227 304 1310 τὴν
318 1227 429 1294 Ἰλιάδα
448 1227 548 1314 ὀλίγον
566 1229 673 1307 πάντες
696 1235 794 1295 ἴσασιν
812 1229 871 1296 cited
890 1229 1040 1313 στόματος,
1064 1240 1099 1295 ut

84 1332 129 1391 ait
155 1331 214 1391 Dio
239 1329 470 1408 chrysostomus
494 1325 559 1413 (Or.
584 1335 625 1392 36
650 1330 669 1408 ξ
695 1325 739 1413 9),
768 1338 800 1393 et
827 1334 962 1410 ipsorum
990 1337 1098 1410 poetae

85 1422 181 1505 μόνον
194 1422 328 1506 Ὅμηρον
352 1425 591 1507 μνημονεύουσιν
613 1427 646 1490 ἐν
668 1433 727 1501 τοῖς
752 1424 914 1508 ποιήμασιν
938 1422 1011 1511 (Dio
1035 1431 1054 1489 l.
1076 1449 1098 1490 s.

85 1521 106 1600 ᾖ
127 1517 192 1605 10).
224 1529 310 1601 patet
332 1545 404 1604 ergo
427 1527 518 1603 plane
542 1527 580 1587 ad
600 1529 705 1588 Bionis
727 1529 883 1604 ingenium
906 1528 1098 1604 indolemque

83 1622 197 1680 factam
224 1641 287 1682 esse
316 1624 473 1698 parodiam
496 1624 686 1684 Homericam
715 1628 746 1684 et
773 1625 908 1702 graviter
936 1624 1098 1684 dolendum

84 1719 159 1778 dnos
182 1723 302 1779 tantum
325 1739 430 1780 versus
453 1721 632 1780 celsissimos
656 1740 728 1780 sane
752 1725 783 1781 et
805 1721 940 1798 apprime
964 1721 1098 1799 festivos,

83 1816 193 1892 quibus
221 1817 317 1877 irrisit
339 1817 506 1894 Archytam
529 1818 760 1896 Mytilenaeum,
794 1835 949 1896 superesse
977 1820 1099 1880 maioris

83 1913 241 1973 cuiusdam
267 1915 421 1991 carminis,
449 1915 530 1991 quod
552 1917 652 1976 nescio
675 1935 748 1975 num
771 1917 897 1976 iustiore
920 1917 984 1976 ullo
1009 1935 1099 1994 quam

82 2011 251 2070 sillorum
288 2012 407 2072 nomine
443 2011 607 2090 significari
638 2014 735 2090 possit
767 2006 864 2094 (quod
895 2014 1099 2092 fragmentum

81 2108 162 2167 infra
193 2109 273 2169 inter
303 2109 559 2187 sillographorum
587 2110 731 2186 reliquias
759 2104 928 2193 adscripsi).
979 2111 1018 2170 ad
1044 2112 1099 2172 hos

82 2207 180 2284 igitur
202 2207 300 2283 sillos,
324 2207 434 2282 quibus
457 2211 578 2282 praeter
600 2208 730 2267 musicos
754 2209 846 2267 etiam
868 2209 1098 2269 mathematicos

82 2304 224 2381 physicos
265 2309 379 2366 ceteros
417 2305 604 2383 dogmaticos
639 2305 777 2383 petierit,
814 2307 986 2367 rettulerim
1022 2323 1099 2383 quae

81 2404 246 2460 narrantur
278 2421 296 2460 a
329 2402 498 2463 scholiastis
530 2402 651 2463 Horatii
683 2406 761 2478 epist.
789 2404 821 2462 Π
850 2406 883 2482 2,
912 2405 967 2464 60:
1009 2397 1099 2463 ‘Bion

84 2498 402 2560 ...mordacissimis
434 2501 571 2561 versibus
603 2506 650 2562 est
676 2520 750 2562 usus
784 2502 893 2579 quibus
925 2503 970 2563 ita
997 2520 1099 2562 omnes

83 2597 230 2656 laceravit
251 2601 288 2656 ut
310 2617 346 2656 ne
370 2597 502 2659 Homero
527 2599 648 2676 quidem
670 2593 820 2676 parceret'
845 2592 951 2681 (schol.
971 2593 1098 2682 quu.)

83 2695 114 2752 et
137 2685 232 2753 ‘Bion
260 2695 313 2771 qui
337 2695 486 2772 sophistes
515 2697 744 2775 cognominatus
773 2701 819 2758 est
848 2698 880 2757 in
907 2698 985 2758 libro
1009 2718 1099 2776 quem

83 2789 179 2850 edidit
205 2791 438 2851 mordacissimis
466 2794 580 2854 salibus
609 2813 645 2854 ea
673 2814 751 2872 quae
782 2795 864 2872 apud
893 2800 998 2872 poetas
1027 2801 1099 2856 sunt

81 2888 127 2946 ita
159 2888 306 2948 laceravit
338 2892 374 2948 ut
400 2908 438 2948 ne
466 2888 597 2950 Homero
630 2892 753 2967 quidem
784 2887 942 2970 parceret'.
989 2892 1098 2970 quibus

82 2983 182 3045 verbis
215 2986 354 3063 magistri
381 2985 477 3062 inepti
504 2987 535 3046 id
562 3007 616 3064 pro
645 3005 700 3047 suo
729 2993 822 3065 captu
849 2988 991 3049 exhibent
1018 2988 1099 3066 quod

81 3084 236 3160 legerent,
259 3082 371 3142 librum
392 3082 626 3144 mordacissimis
649 3085 764 3144 salibus
787 3089 818 3146 et
840 3086 1007 3147 Homericis
1030 3106 1098 3164 par-

84 3179 161 3238 odiis
183 3179 331 3240 refertum
354 3180 566 3258 conscripsisse
588 3182 723 3242 Bionem.
1075 3178 1079 3184 ’

157 3333 183 3402 1)
202 3331 243 3389 of.
263 3331 414 3401 Plutarch,
433 3334 560 3389 deliber.
579 3333 653 3389 educ.
673 3339 746 3388 c.10
764 3353 792 3405 p.
812 3337 861 3404 ⁷⁰,
885 3337 918 3392 de
931 3336 1046 3406 profect.
1065 3337 1098 3390 ιἰι

81 3413 145 3467 virt.
165 3428 188 3467 c.
211 3417 242 3466 11
262 3428 289 3480 p.
309 3413 361 3467 822
387 3413 448 3482 (ubi
465 3413 495 3468 in
513 3411 593 3468 libris
613 3413 732 3477 Βίαντος
751 3416 826 3483 quod
846 3432 955 3471 servare
969 3415 1029 3470 'non
1049 3416 1096 3470 de-

83 3491 147 3546 buit
164 3491 311 3560 Heroher);
332 3492 418 3562 Stob,
437 3495 497 3562 fior.
517 3493 555 3551 IV
575 3500 622 3564 bl,
640 3494 710 3565 Cic,
729 3493 881 3565 Tuscllh
890 3501 947 3560 aa,
959 3499 1011 3546 aa.
