2452 3832
528 129 749 195 -48-

132 293 255 370 quoda
277 292 369 354 Sexto
392 292 545 370 Empirico
572 292 646 352 item
672 294 744 354 hnic
766 293 844 354 libro
868 288 1082 378 adscribitur),
1113 295 1153 357 (le

131 385 314 468 Empedocle
329 381 380 471 (fr.
394 382 620 472 XXXXVIIH),
639 391 676 450 de
692 389 814 452 Socrate
829 383 880 473 (fr.
895 384 945 474 L),
968 392 1004 453 de
1018 390 1152 452 Platone

133 478 184 568 (ir.
198 488 240 548 LI
254 491 285 550 et
297 479 379 570 LH),
399 487 435 548 de
455 486 679 548 Socraticorum
696 489 818 565 scriptis
838 480 889 571 (fr.
902 488 976 549 LIII
989 492 1021 548 et
1034 483 1152 570 LIIII).

131 585 187 646 hos
209 585 272 645 fere
295 589 332 646 ut
353 585 469 662 priores
490 585 686 663 philosophos
704 587 873 662 pertractat
890 585 1092 663 Xenophanes
1115 587 1152 646 in

134 684 265 745 secundo
288 675 374 743 libro.

199 781 235 840 In
253 781 369 843 tertio
387 784 493 840 contra
509 780 693 858 posteriores
710 779 906 856 philosophos
925 779 1062 858 exagitat
1075 779 1154 858 Epi·

133 897 240 939 curum
263 870 314 960 (fr.
338 876 392 937 LV
415 881 446 938 et
468 877 550 956 ΙΝΙ,
578 896 708 956 qnorum
731 877 863 937 alterum
885 876 977 936 tertio
1000 876 1080 938 libro
1103 877 1153 937 in·

132 976 227 1036 fuisse
254 977 345 1053 plane
373 975 550 1036 Athenaeus
577 967 679 1058 dicit),
711 975 823 1036 stoicos
851 964 902 1056 (ir.
925 967 1040 1056 LVII),
1072 995 1153 1053 quos

132 1072 271 1150 inprimis
299 1069 341 1134 'ob
374 1073 606 1152 grammaticum
637 1071 773 1133 studium
804 1072 920 1132 lacerat
948 1061 999 1152 (fr.
1022 1065 1154 1154 LVIII),

133 1169 261 1248 denique
275 1170 457 1248 Dionysium
470 1170 683 1230 Heracleotam
692 1169 936 1230 Metathemenon
946 1158 998 1249 (fr.
1006 1163 1153 1253 LVHII).

199 1266 356 1327 Postremo
387 1267 495 1327 Timon
526 1266 650 1328 videtur
681 1286 699 1329 a
725 1266 910 1344 Xenophane
942 1266 1153 1345 interrogatus

134 1364 264 1442 quinem
275 1363 447 1442 philosophi
464 1383 544 1425 nunc
561 1364 705 1425 florerent
721 1363 920 1442 respondisse,
942 1381 1006 1425 esse
1026 1362 1155 1442 quidem

131 1461 300 1539 permultos
322 1459 524 1522 Alexandriae
553 1462 607 1521 sed
632 1461 752 1522 futtiles
776 1452 826 1543 (fr.
849 1453 932 1543 LX),
962 1479 1027 1521 esse
1056 1461 1154 1522 etiam

132 1558 311 1620 Aristoneos
337 1551 389 1640 (fr.
412 1552 497 1641 LXI)
524 1559 578 1618 sed
605 1558 660 1618 hos
688 1569 810 1637 qnoque
841 1575 949 1635 vanos3
980 1575 1152 1636 perpaucos

132 1659 255 1717 tantum
272 1656 331 1717 sibi
348 1658 477 1736 placere,
491 1660 528 1718 ut
540 1655 748 1734 Eurylochum
761 1656 970 1736 Pymhoneum
985 1647 1035 1737 (ir.
1048 1649 1152 1738 LXII)

133 1756 183 1816 vel
204 1743 364 1816 Philonem
386 1756 516 1816 eundem
538 1755 705 1832 scepticum
727 1746 779 1835 (fr.
798 1745 924 1836 LXIII).

198 1852 306 1913 Potuit
332 1856 435 1913 tamen
463 1853 499 1913 de
527 1853 575 1912 his
603 1851 720 1912 duobus
748 1855 785 1912 ut
807 1851 936 1911 mortuis
965 1841 1050 1932 (nam
1073 1869 1150 1910 num

134 1968 169 2008 eo
192 1952 329 2026 tempore
356 1969 416 2028 quo
441 1950 549 2010 Timon
572 1949 656 2010 sillos
679 1949 801 2026 scripsit
823 1948 1002 2026 superstItes
1025 1947 1152 2026 fuerint,

132 2039 307 2130 ignoretur)
335 2048 536 2124 Xenophanes
565 2046 664 2125 loqui3
695 2045 901 2124 temporisque
929 2046 1003 2105 item
1030 2045 1152 2106 ratione

133 2142 360 2204 diiudicandum
383 2148 442 2223 est,
464 2149 570 2206 utrum
587 2144 640 2204 ille
664 2162 702 2203 an
724 2143 832 2203 Timon
849 2141 1002 2203 Aristonis
1020 2143 1152 2204 mentio·

133 2260 203 2301 uem
225 2241 332 2302 fecerit
353 2243 446 2303 tertio
469 2246 550 2303 certe
568 2241 646 2301 libro
664 2240 807 2300 iniectam
826 2231 877 2320 (fr.
891 2231 1032 2322 LXHH).

199 2338 327 2400 Prorsus
345 2340 475 2418 denique
494 2340 571 2400 nihil
588 2337 780 2417 pronuntiari
802 2339 917 2415 potest,
940 2355 1001 2415 quo
1019 2336 1052 2395 in
1070 2336 1152 2399 libro

134 2456 169 2496 ea
197 2436 302 2514 verba,
333 2436 444 2516 quibus
471 2437 644 2496 continetur
670 2433 817 2494 iudicium
839 2434 876 2495 de
900 2434 988 2495 docto
1017 2433 1153 2511 quodam

134 2533 264 2593 alicuius
277 2533 451 2611 philosophi
464 2533 577 2609 scripto
591 2534 752 2610 statutum,
766 2531 827 2592 sint
845 2532 966 2610 prolata
981 2521 1032 2613 (fr.
1042 2524 1152 2613 LXV).

200 2629 286 2688 Hanc
313 2629 410 2707 igitur
436 2629 545 2689 misere
571 2629 729 2690 dilacerati
756 2629 896 2689 carminis
920 2628 1154 2707 dispositionem

133 2725 314 2785 resuscitare
333 2730 460 2786 conatus
479 2745 554 2805 sum,
578 2744 725 2804 speroque
744 2725 808 2786 fore
829 2725 920 2786 utin
937 2726 1152 2786 universum

134 2841 170 2883 ea
193 2842 284 2900 quam
307 2824 407 2883 animo
430 2823 554 2901 concepi
576 2824 678 2902 imago
701 2843 762 2885 non
784 2824 873 2886 valde
897 2842 916 2883 a
937 2841 1010 2884 vera
1033 2827 1065 2882 et
1087 2824 1152 2900 pri·

134 2921 213 2980 stine
241 2921 403 2981 abhorreat
433 2921 540 2999 specie.
586 2924 668 2981 certa
696 2921 776 2982 enim
803 2922 863 2982 duo
890 2920 967 2982 mihi
992 2919 1152 2981 videntur:

134 3022 166 3078 et
188 3021 288 3078 totum
314 3036 422 3095 poema
446 3017 478 3076 in
500 3018 620 3092 νεκυίας
643 3019 772 3080 formam
794 3037 859 3080 esse
882 3017 1039 3078 redactum
1062 3021 1094 3076 ct
1118 3017 1153 3077 in

133 3115 231 3192 primo
254 3115 332 3175 libro
355 3115 534 3194 λογομαχίαν
560 3116 641 3177 inter
662 3116 857 3194 philosophos
883 3115 1074 3176 commissam
1097 3114 1152 3174 de·

134 3210 237 3289 scribi3
255 3212 381 3271 tertium
400 3216 517 3273 certum
533 3233 594 3274 non
612 3214 735 3277 videtur
753 3214 806 3274 sed
825 3217 880 3291 est
898 3217 935 3274 ut
954 3214 1035 3292 quod
1054 3213 1152 3274 stabi·

133 3309 225 3369 litum
242 3309 432 3386 Apollonidis
451 3310 634 3390 testimonio,
656 3311 871 3390 Xenophanem
891 3313 1022 3373 secundo
1041 3313 1152 3375 tertio·

134 3426 193 3482 que
217 3407 294 3467 libro
317 3426 336 3467 a
355 3408 480 3470 Timone
504 3409 726 3488 interrogatum
748 3410 785 3471 de
809 3410 937 3489 singulis
960 3411 1153 3489 philosophis

112 3501 305 3563 disseruisse.
