<?xml version="1.0" encoding="UTF-8"?>
<!DOCTYPE html PUBLIC "-//W3C//DTD XHTML 1.0 Transitional//EN"
    "http://www.w3.org/TR/xhtml1/DTD/xhtml1-transitional.dtd">
<html xmlns="http://www.w3.org/1999/xhtml" xml:lang="en" lang="en">
 <head>
  <title>
</title>
<meta http-equiv="Content-Type" content="text/html;charset=utf-8" />
  <meta name='ocr-system' content='tesseract 3.04.00' />
  <meta name='ocr-capabilities' content='ocr_page ocr_carea ocr_par ocr_line ocrx_word'/>
</head>
<body>
  <div class='ocr_page' id='page_1' title='image "./corpusculumpoes00brangoog_0082.png"; bbox 0 0 2452 3832; ppageno 0'>
   <div class='ocr_carea' id='block_1_1' title="bbox 467 123 685 189">
    <p class='ocr_par' dir='ltr' id='par_1_1' title="bbox 467 123 685 189">
     <span class='ocr_line' id='line_1_1' title="bbox 467 123 685 189; baseline 0.005 -21"><span class='ocrx_word' id='word_1_1' title='bbox 467 123 685 189; x_wconf 60' lang='lat'><strong>..75„</strong></span> 
     </span>
    </p>
   </div>
   <div class='ocr_carea' id='block_1_2' title="bbox 49 280 1141 2993">
    <p class='ocr_par' dir='ltr' id='par_1_2' title="bbox 49 280 1141 2993">
     <span class='ocr_line' id='line_1_2' title="bbox 69 280 1084 370; baseline 0.002 -23"><span class='ocrx_word' id='word_1_2' title='bbox 69 308 131 348; x_wconf 91' lang='lat' dir='ltr'>non</span> <span class='ocrx_word' id='word_1_3' title='bbox 153 289 385 348; x_wconf 78' lang='lat' dir='ltr'><strong>Eratosthenem</strong></span> <span class='ocrx_word' id='word_1_4' title='bbox 413 288 548 365; x_wconf 88' lang='lat' dir='ltr'>appellat</span> <span class='ocrx_word' id='word_1_5' title='bbox 575 280 682 370; x_wconf 83' lang='lat' dir='ltr'>(quam</span> <span class='ocrx_word' id='word_1_6' title='bbox 710 289 942 366; x_wconf 75' lang='lat' dir='ltr'>discrepantiam</span> <span class='ocrx_word' id='word_1_7' title='bbox 965 290 1009 349; x_wconf 89' lang='lat' dir='ltr'>ita</span> <span class='ocrx_word' id='word_1_8' title='bbox 1032 309 1084 366; x_wconf 90' lang='lat' dir='ltr'>po-</span> 
     </span>
     <span class='ocr_line' id='line_1_3' title="bbox 68 385 1086 464; baseline -0.003 -17"><span class='ocrx_word' id='word_1_9' title='bbox 68 387 143 447; x_wconf 88' lang='lat' dir='ltr'>teris</span> <span class='ocrx_word' id='word_1_10' title='bbox 157 388 282 464; x_wconf 85' lang='lat' dir='ltr'>solvere,</span> <span class='ocrx_word' id='word_1_11' title='bbox 301 390 338 446; x_wconf 92' lang='lat' dir='ltr'>ut</span> <span class='ocrx_word' id='word_1_12' title='bbox 350 385 582 446; x_wconf 73' lang='lat' dir='ltr'><strong>Eratosthenem</strong></span> <span class='ocrx_word' id='word_1_13' title='bbox 596 387 804 464; x_wconf 78' lang='lat' dir='ltr'>Theophrasti,</span> <span class='ocrx_word' id='word_1_14' title='bbox 824 388 911 446; x_wconf 90' lang='lat' dir='ltr'>cuius</span> <span class='ocrx_word' id='word_1_15' title='bbox 926 387 1086 464; x_wconf 87' lang='lat' dir='ltr'>disciplina</span> 
     </span>
     <span class='ocr_line' id='line_1_4' title="bbox 68 483 1084 562; baseline 0 -19"><span class='ocrx_word' id='word_1_16' title='bbox 68 502 145 543; x_wconf 91' lang='lat' dir='ltr'>usus</span> <span class='ocrx_word' id='word_1_17' title='bbox 172 487 239 544; x_wconf 90' lang='lat' dir='ltr'>erat</span> <span class='ocrx_word' id='word_1_18' title='bbox 261 483 347 560; x_wconf 91' lang='lat' dir='ltr'>Bion,</span> <span class='ocrx_word' id='word_1_19' title='bbox 376 483 490 542; x_wconf 89' lang='lat' dir='ltr'>dictum</span> <span class='ocrx_word' id='word_1_20' title='bbox 514 483 665 560; x_wconf 84' lang='lat' dir='ltr'>quoddam</span> <span class='ocrx_word' id='word_1_21' title='bbox 688 486 768 562; x_wconf 91' lang='lat' dir='ltr'>quod</span> <span class='ocrx_word' id='word_1_22' title='bbox 791 484 920 547; x_wconf 86' lang='lat' dir='ltr'>Athenis</span> <span class='ocrx_word' id='word_1_23' title='bbox 942 486 1008 562; x_wconf 89' lang='lat' dir='ltr'>ipse</span> <span class='ocrx_word' id='word_1_24' title='bbox 1031 503 1084 543; x_wconf 89' lang='lat' dir='ltr'>au-</span> 
     </span>
     <span class='ocr_line' id='line_1_5' title="bbox 58 572 1085 664; baseline -0.002 -23"><span class='ocrx_word' id='word_1_25' title='bbox 58 581 197 664; x_wconf 76' lang='lat' dir='ltr'>divisset</span> <span class='ocrx_word' id='word_1_26' title='bbox 219 598 381 658; x_wconf 88' lang='lat' dir='ltr'>usurpasse</span> <span class='ocrx_word' id='word_1_27' title='bbox 405 573 540 661; x_wconf 76' lang='lat' dir='ltr'>censeas)</span> <span class='ocrx_word' id='word_1_28' title='bbox 564 581 611 640; x_wconf 90' lang='lat' dir='ltr'>Ps.</span> <span class='ocrx_word' id='word_1_29' title='bbox 633 580 823 640; x_wconf 84' lang='lat' dir='ltr'>Metrodorus</span> <span class='ocrx_word' id='word_1_30' title='bbox 847 572 892 661; x_wconf 82' lang='grc'>(11.</span> <span class='ocrx_word' id='word_1_31' title='bbox 915 575 1085 658; x_wconf 75' lang='grc' dir='ltr'><strong><em>αἰσθήσεων</em></strong></span> 
     </span>
     <span class='ocr_line' id='line_1_6' title="bbox 67 671 1085 760; baseline -0.001 -23"><span class='ocrx_word' id='word_1_32' title='bbox 67 679 127 738; x_wconf 83' lang='lat' dir='ltr'>ool.</span> <span class='ocrx_word' id='word_1_33' title='bbox 160 671 230 760; x_wconf 88' lang='lat' dir='ltr'>XV)</span> <span class='ocrx_word' id='word_1_34' title='bbox 264 679 318 756; x_wconf 92' lang='lat' dir='ltr'>qui</span> <span class='ocrx_word' id='word_1_35' title='bbox 335 679 428 737; x_wconf 77' lang='lat' dir='ltr'>&#39;inter</span> <span class='ocrx_word' id='word_1_36' title='bbox 458 678 653 754; x_wconf 87' lang='lat' dir='ltr'>physicorum</span> <span class='ocrx_word' id='word_1_37' title='bbox 684 677 871 739; x_wconf 81' lang='lat' dir='ltr'>adversarios</span> <span class='ocrx_word' id='word_1_38' title='bbox 902 679 1085 738; x_wconf 89' lang='lat' dir='ltr'>mentionem</span> 
     </span>
     <span class='ocr_line' id='line_1_7' title="bbox 69 768 1087 855; baseline 0 -20"><span class='ocrx_word' id='word_1_39' title='bbox 69 777 146 836; x_wconf 86' lang='lat' dir='ltr'>facit</span> <span class='ocrx_word' id='word_1_40' title='bbox 168 776 284 849; x_wconf 84' lang='grc' dir='ltr'><strong><em>Βίωνος</em></strong></span> <span class='ocrx_word' id='word_1_41' title='bbox 309 778 363 837; x_wconf 79' lang='grc' dir='ltr'>τοῦ</span> <span class='ocrx_word' id='word_1_42' title='bbox 387 769 461 835; x_wconf 79' lang='grc' dir='ltr'>κατὰ</span> <span class='ocrx_word' id='word_1_43' title='bbox 487 769 679 854; x_wconf 76' lang='grc' dir='ltr'><strong><em>Θεόφραστον</em></strong></span> <span class='ocrx_word' id='word_1_44' title='bbox 701 768 881 855; x_wconf 80' lang='lat' dir='ltr'>rr[por&#39;]roo¹)</span> <span class='ocrx_word' id='word_1_45' title='bbox 905 775 1087 853; x_wconf 77' lang='grc' dir='ltr'><strong><em>φιλοσοφίαν</em></strong></span> 
     </span>
     <span class='ocr_line' id='line_1_8' title="bbox 70 866 1141 954; baseline -0.005 -21"><span class='ocrx_word' id='word_1_46' title='bbox 70 867 210 947; x_wconf 69' lang='grc' dir='ltr'><strong><em>ἀνθινοῖς</em></strong></span> <span class='ocrx_word' id='word_1_47' title='bbox 232 868 442 952; x_wconf 77' lang='grc' dir='ltr'><strong><em>κοσμήσαντος.</em></strong></span> <span class='ocrx_word' id='word_1_48' title='bbox 487 877 594 934; x_wconf 85' lang='lat' dir='ltr'>notum</span> <span class='ocrx_word' id='word_1_49' title='bbox 616 891 687 934; x_wconf 82' lang='lat' dir='ltr'>vero</span> <span class='ocrx_word' id='word_1_50' title='bbox 712 866 790 954; x_wconf 76' lang='lat' dir='ltr'>est¹)</span> <span class='ocrx_word' id='word_1_51' title='bbox 814 873 893 933; x_wconf 88' lang='lat' dir='ltr'>inter</span> <span class='ocrx_word' id='word_1_52' title='bbox 915 871 1086 933; x_wconf 84' lang='lat' dir='ltr'>meretricia</span> <span class='ocrx_word' id='word_1_53' title='bbox 1134 907 1141 918; x_wconf 87' lang='lat'>·-</span> 
     </span>
     <span class='ocr_line' id='line_1_9' title="bbox 65 969 1086 1049; baseline -0.003 -19"><span class='ocrx_word' id='word_1_54' title='bbox 65 975 248 1031; x_wconf 88' lang='lat' dir='ltr'>ornamenta</span> <span class='ocrx_word' id='word_1_55' title='bbox 279 971 362 1049; x_wconf 90' lang='lat' dir='ltr'>apud</span> <span class='ocrx_word' id='word_1_56' title='bbox 390 969 518 1030; x_wconf 84' lang='lat' dir='ltr'>Graecos</span> <span class='ocrx_word' id='word_1_57' title='bbox 551 971 644 1030; x_wconf 84' lang='lat' dir='ltr'>fuisse</span> <span class='ocrx_word' id='word_1_58' title='bbox 676 972 871 1032; x_wconf 81' lang='lat' dir='ltr'>versicolores</span> <span class='ocrx_word' id='word_1_59' title='bbox 903 975 1015 1032; x_wconf 88' lang='lat' dir='ltr'>vestes:</span> <span class='ocrx_word' id='word_1_60' title='bbox 1044 970 1086 1028; x_wconf 89' lang='lat' dir='ltr'>eis</span> 
     </span>
     <span class='ocr_line' id='line_1_10' title="bbox 69 1067 1087 1147; baseline -0.002 -19"><span class='ocrx_word' id='word_1_61' title='bbox 69 1069 167 1147; x_wconf 78' lang='lat' dir='ltr'>igitur</span> <span class='ocrx_word' id='word_1_62' title='bbox 196 1088 265 1130; x_wconf 88' lang='lat' dir='ltr'>eum</span> <span class='ocrx_word' id='word_1_63' title='bbox 296 1068 519 1146; x_wconf 85' lang='lat' dir='ltr'>philosophiam</span> <span class='ocrx_word' id='word_1_64' title='bbox 553 1068 686 1128; x_wconf 88' lang='lat' dir='ltr'>induisse</span> <span class='ocrx_word' id='word_1_65' title='bbox 718 1068 831 1127; x_wconf 91' lang='lat' dir='ltr'>dicitur</span> <span class='ocrx_word' id='word_1_66' title='bbox 857 1068 949 1145; x_wconf 91' lang='lat' dir='ltr'>Bion,</span> <span class='ocrx_word' id='word_1_67' title='bbox 981 1067 1087 1126; x_wconf 87' lang='lat' dir='ltr'>acerbe</span> 
     </span>
     <span class='ocr_line' id='line_1_11' title="bbox 69 1149 1087 1244; baseline -0.003 -19"><span class='ocrx_word' id='word_1_68' title='bbox 69 1166 301 1244; x_wconf 84' lang='lat' dir='ltr'>reprehenditur</span> <span class='ocrx_word' id='word_1_69' title='bbox 328 1166 409 1243; x_wconf 93' lang='lat' dir='ltr'>quod</span> <span class='ocrx_word' id='word_1_70' title='bbox 432 1167 615 1244; x_wconf 81' lang='lat' dir='ltr'>gravitatem</span> <span class='ocrx_word' id='word_1_71' title='bbox 637 1149 813 1244; x_wconf 87' lang='lat' dir='ltr'>disciplinae</span> <span class='ocrx_word' id='word_1_72' title='bbox 836 1165 954 1224; x_wconf 89' lang='lat' dir='ltr'>facetiis</span> <span class='ocrx_word' id='word_1_73' title='bbox 978 1165 1087 1223; x_wconf 85' lang='lat' dir='ltr'>scurri-</span> 
     </span>
     <span class='ocr_line' id='line_1_12' title="bbox 68 1263 1086 1341; baseline -0.001 -19"><span class='ocrx_word' id='word_1_74' title='bbox 68 1264 149 1323; x_wconf 91' lang='lat' dir='ltr'>libus</span> <span class='ocrx_word' id='word_1_75' title='bbox 176 1265 385 1341; x_wconf 85' lang='lat' dir='ltr'>proterrisque</span> <span class='ocrx_word' id='word_1_76' title='bbox 417 1268 447 1323; x_wconf 89' lang='lat' dir='ltr'>et</span> <span class='ocrx_word' id='word_1_77' title='bbox 469 1264 593 1323; x_wconf 90' lang='lat' dir='ltr'>floribus</span> <span class='ocrx_word' id='word_1_78' title='bbox 617 1263 842 1341; x_wconf 87' lang='lat' dir='ltr'>luminibusque</span> <span class='ocrx_word' id='word_1_79' title='bbox 866 1282 881 1321; x_wconf 91' lang='lat' dir='ltr'>e</span> <span class='ocrx_word' id='word_1_80' title='bbox 905 1281 1012 1322; x_wconf 88' lang='lat' dir='ltr'>scaena</span> <span class='ocrx_word' id='word_1_81' title='bbox 1035 1281 1086 1338; x_wconf 88' lang='lat' dir='ltr'>pc-</span> 
     </span>
     <span class='ocr_line' id='line_1_13' title="bbox 68 1359 1088 1436; baseline -0.005 -14"><span class='ocrx_word' id='word_1_82' title='bbox 68 1362 136 1422; x_wconf 89' lang='lat' dir='ltr'>titis</span> <span class='ocrx_word' id='word_1_83' title='bbox 176 1365 206 1421; x_wconf 91' lang='lat' dir='ltr'>et</span> <span class='ocrx_word' id='word_1_84' title='bbox 238 1361 421 1421; x_wconf 84' lang='lat' dir='ltr'>dictionibus</span> <span class='ocrx_word' id='word_1_85' title='bbox 454 1361 611 1421; x_wconf 88' lang='lat' dir='ltr'>inurbanis</span> <span class='ocrx_word' id='word_1_86' title='bbox 644 1361 795 1424; x_wconf 86' lang='lat' dir='ltr'>diminuit.</span> <span class='ocrx_word' id='word_1_87' title='bbox 846 1364 938 1436; x_wconf 88' lang='lat' dir='ltr'>atque</span> <span class='ocrx_word' id='word_1_88' title='bbox 970 1359 1002 1418; x_wconf 96' lang='lat' dir='ltr'>in</span> <span class='ocrx_word' id='word_1_89' title='bbox 1031 1359 1088 1418; x_wconf 93' lang='lat' dir='ltr'>hac</span> 
     </span>
     <span class='ocr_line' id='line_1_14' title="bbox 70 1457 1088 1537; baseline -0.002 -19"><span class='ocrx_word' id='word_1_90' title='bbox 70 1459 192 1537; x_wconf 90' lang='lat' dir='ltr'>quidem</span> <span class='ocrx_word' id='word_1_91' title='bbox 221 1459 452 1534; x_wconf 89' lang='lat' dir='ltr'>reprehensione</span> <span class='ocrx_word' id='word_1_92' title='bbox 480 1477 511 1518; x_wconf 90' lang='lat' dir='ltr'>se</span> <span class='ocrx_word' id='word_1_93' title='bbox 540 1459 690 1518; x_wconf 89' lang='lat' dir='ltr'>continuit</span> <span class='ocrx_word' id='word_1_94' title='bbox 716 1459 876 1535; x_wconf 82' lang='lat' dir='ltr'>Diogenes,</span> <span class='ocrx_word' id='word_1_95' title='bbox 909 1458 996 1516; x_wconf 92' lang='lat' dir='ltr'>cuius</span> <span class='ocrx_word' id='word_1_96' title='bbox 1023 1457 1088 1517; x_wconf 82' lang='lat' dir='ltr'>vita</span> 
     </span>
     <span class='ocr_line' id='line_1_15' title="bbox 68 1555 1087 1633; baseline -0.003 -18"><span class='ocrx_word' id='word_1_97' title='bbox 68 1557 231 1616; x_wconf 86' lang='lat' dir='ltr'>maximam</span> <span class='ocrx_word' id='word_1_98' title='bbox 249 1560 367 1633; x_wconf 89' lang='lat' dir='ltr'>partem</span> <span class='ocrx_word' id='word_1_99' title='bbox 385 1558 474 1615; x_wconf 86' lang='lat' dir='ltr'>fluxit</span> <span class='ocrx_word' id='word_1_100' title='bbox 491 1577 507 1615; x_wconf 92' lang='lat' dir='ltr'>e</span> <span class='ocrx_word' id='word_1_101' title='bbox 526 1557 681 1631; x_wconf 90' lang='lat' dir='ltr'>scriptoris</span> <span class='ocrx_word' id='word_1_102' title='bbox 700 1556 830 1614; x_wconf 89' lang='lat' dir='ltr'>alicuius</span> <span class='ocrx_word' id='word_1_103' title='bbox 844 1555 935 1614; x_wconf 90' lang='lat' dir='ltr'>Bioni</span> <span class='ocrx_word' id='word_1_104' title='bbox 950 1555 1087 1631; x_wconf 88' lang='lat' dir='ltr'>aequalis</span> 
     </span>
     <span class='ocr_line' id='line_1_16' title="bbox 69 1651 1086 1729; baseline -0.004 -17"><span class='ocrx_word' id='word_1_105' title='bbox 69 1653 122 1713; x_wconf 90' lang='lat' dir='ltr'>sed</span> <span class='ocrx_word' id='word_1_106' title='bbox 140 1654 236 1712; x_wconf 89' lang='lat' dir='ltr'>eidem</span> <span class='ocrx_word' id='word_1_107' title='bbox 252 1652 441 1712; x_wconf 88' lang='lat' dir='ltr'>infestissimi</span> <span class='ocrx_word' id='word_1_108' title='bbox 458 1653 562 1712; x_wconf 89' lang='lat' dir='ltr'>libello</span> <span class='ocrx_word' id='word_1_109' title='bbox 576 1654 692 1712; x_wconf 88' lang='lat' dir='ltr'>famoso</span> <span class='ocrx_word' id='word_1_110' title='bbox 707 1653 847 1729; x_wconf 88' lang='lat' dir='ltr'>quodam.</span> <span class='ocrx_word' id='word_1_111' title='bbox 870 1651 1086 1710; x_wconf 81' lang='lat' dir='ltr'>Eratosthenes</span> 
     </span>
     <span class='ocr_line' id='line_1_17' title="bbox 68 1741 1086 1829; baseline -0.004 -19"><span class='ocrx_word' id='word_1_112' title='bbox 68 1755 171 1810; x_wconf 88' lang='lat' dir='ltr'>tamen</span> <span class='ocrx_word' id='word_1_113' title='bbox 204 1751 256 1827; x_wconf 90' lang='lat' dir='ltr'>qui</span> <span class='ocrx_word' id='word_1_114' title='bbox 288 1749 415 1825; x_wconf 88' lang='lat' dir='ltr'>aequius</span> <span class='ocrx_word' id='word_1_115' title='bbox 445 1749 599 1808; x_wconf 90' lang='lat' dir='ltr'>iudicabat</span> <span class='ocrx_word' id='word_1_116' title='bbox 631 1741 756 1829; x_wconf 76' lang='lat' dir='ltr'>(idcirco</span> <span class='ocrx_word' id='word_1_117' title='bbox 789 1751 853 1825; x_wconf 89' lang='lat' dir='ltr'>ipse</span> <span class='ocrx_word' id='word_1_118' title='bbox 881 1749 1039 1808; x_wconf 88' lang='lat' dir='ltr'>lacessitus</span> <span class='ocrx_word' id='word_1_119' title='bbox 1068 1766 1086 1806; x_wconf 91' lang='lat' dir='ltr'>a</span> 
     </span>
     <span class='ocr_line' id='line_1_18' title="bbox 70 1838 1084 1926; baseline -0.004 -19"><span class='ocrx_word' id='word_1_120' title='bbox 70 1848 217 1907; x_wconf 85' lang='lat' dir='ltr'>Strabone</span> <span class='ocrx_word' id='word_1_121' title='bbox 248 1865 356 1924; x_wconf 90' lang='lat' dir='ltr'>parum</span> <span class='ocrx_word' id='word_1_122' title='bbox 384 1864 480 1922; x_wconf 85' lang='lat' dir='ltr'>aequo</span> <span class='ocrx_word' id='word_1_123' title='bbox 509 1838 622 1926; x_wconf 84' lang='lat' dir='ltr'>iudice)</span> <span class='ocrx_word' id='word_1_124' title='bbox 650 1846 745 1905; x_wconf 92' lang='lat' dir='ltr'>nihilo</span> <span class='ocrx_word' id='word_1_125' title='bbox 774 1846 869 1906; x_wconf 88' lang='lat' dir='ltr'>setius</span> <span class='ocrx_word' id='word_1_126' title='bbox 895 1846 927 1904; x_wconf 91' lang='lat' dir='ltr'>in</span> <span class='ocrx_word' id='word_1_127' title='bbox 953 1849 1018 1905; x_wconf 88' lang='lat' dir='ltr'>tam</span> <span class='ocrx_word' id='word_1_128' title='bbox 1040 1846 1084 1904; x_wconf 92' lang='lat' dir='ltr'>in·</span> 
     </span>
     <span class='ocr_line' id='line_1_19' title="bbox 69 1936 1087 2021; baseline -0.004 -16"><span class='ocrx_word' id='word_1_129' title='bbox 69 1946 161 2006; x_wconf 92' lang='lat' dir='ltr'>solito</span> <span class='ocrx_word' id='word_1_130' title='bbox 183 1944 292 2004; x_wconf 90' lang='lat' dir='ltr'>habitu</span> <span class='ocrx_word' id='word_1_131' title='bbox 316 1947 485 2019; x_wconf 90' lang='lat' dir='ltr'>ornatuque</span> <span class='ocrx_word' id='word_1_132' title='bbox 505 1944 688 2020; x_wconf 87' lang='lat' dir='ltr'>agnoscebat</span> <span class='ocrx_word' id='word_1_133' title='bbox 707 1949 738 2005; x_wconf 90' lang='lat' dir='ltr'>et</span> <span class='ocrx_word' id='word_1_134' title='bbox 752 1936 934 2004; x_wconf 88' lang='lat' dir='ltr'>‘mirabatur</span> <span class='ocrx_word' id='word_1_135' title='bbox 951 1943 1087 2021; x_wconf 79' lang='lat' dir='ltr'>vigorem</span> 
     </span>
     <span class='ocr_line' id='line_1_20' title="bbox 68 2039 1086 2117; baseline -0.004 -16"><span class='ocrx_word' id='word_1_136' title='bbox 68 2043 175 2102; x_wconf 89' lang='lat' dir='ltr'>Bionis</span> <span class='ocrx_word' id='word_1_137' title='bbox 199 2059 233 2100; x_wconf 89' lang='lat' dir='ltr'>ac</span> <span class='ocrx_word' id='word_1_138' title='bbox 253 2041 355 2117; x_wconf 91' lang='lat' dir='ltr'>robur,</span> <span class='ocrx_word' id='word_1_139' title='bbox 374 2044 410 2099; x_wconf 91' lang='lat' dir='ltr'>ut</span> <span class='ocrx_word' id='word_1_140' title='bbox 427 2039 512 2116; x_wconf 91' lang='lat' dir='ltr'>proci</span> <span class='ocrx_word' id='word_1_141' title='bbox 530 2039 561 2097; x_wconf 92' lang='lat' dir='ltr'>in</span> <span class='ocrx_word' id='word_1_142' title='bbox 580 2039 668 2098; x_wconf 85' lang='lat' dir='ltr'>Vlixe</span> <span class='ocrx_word' id='word_1_143' title='bbox 688 2058 873 2116; x_wconf 90' lang='lat' dir='ltr'>quamquam</span> <span class='ocrx_word' id='word_1_144' title='bbox 892 2058 960 2099; x_wconf 90' lang='lat' dir='ltr'>sene</span> <span class='ocrx_word' id='word_1_145' title='bbox 979 2039 1086 2115; x_wconf 90' lang='lat' dir='ltr'>pannis</span> 
     </span>
     <span class='ocr_line' id='line_1_21' title="bbox 68 2137 1086 2214; baseline -0.005 -14"><span class='ocrx_word' id='word_1_146' title='bbox 68 2140 168 2200; x_wconf 91' lang='lat' dir='ltr'>obsito</span> <span class='ocrx_word' id='word_1_147' title='bbox 207 2139 286 2200; x_wconf 88' lang='lat' dir='ltr'>vires</span> <span class='ocrx_word' id='word_1_148' title='bbox 323 2155 358 2196; x_wconf 90' lang='lat' dir='ltr'>ac</span> <span class='ocrx_word' id='word_1_149' title='bbox 394 2137 571 2196; x_wconf 88' lang='lat' dir='ltr'>firmitatem</span> <span class='ocrx_word' id='word_1_150' title='bbox 606 2137 740 2214; x_wconf 88' lang='lat' dir='ltr'>corporis</span> <span class='ocrx_word' id='word_1_151' title='bbox 774 2137 985 2198; x_wconf 89' lang='lat' dir='ltr'>admirabundi</span> <span class='ocrx_word' id='word_1_152' title='bbox 1017 2156 1086 2197; x_wconf 88' lang='lat' dir='ltr'>oon-</span> 
     </span>
     <span class='ocr_line' id='line_1_22' title="bbox 69 2224 1085 2314; baseline -0.002 -18"><span class='ocrx_word' id='word_1_153' title='bbox 69 2228 249 2314; x_wconf 88' lang='lat' dir='ltr'>spiciebant’</span> <span class='ocrx_word' id='word_1_154' title='bbox 277 2224 346 2313; x_wconf 84' lang='lat' dir='ltr'>(Od.</span> <span class='ocrx_word' id='word_1_155' title='bbox 371 2249 389 2292; x_wconf 91' lang='grc' dir='ltr'>σ</span> <span class='ocrx_word' id='word_1_156' title='bbox 413 2235 453 2292; x_wconf 83' lang='grc'>74</span> <span class='ocrx_word' id='word_1_157' title='bbox 477 2231 546 2310; x_wconf 80' lang='grc' dir='ltr'><strong><em>οἴην</em></strong></span> <span class='ocrx_word' id='word_1_158' title='bbox 568 2230 600 2293; x_wconf 77' lang='grc' dir='ltr'>ἐκ</span> <span class='ocrx_word' id='word_1_159' title='bbox 623 2231 737 2312; x_wconf 75' lang='grc' dir='ltr'><strong><em>ῥακέων</em></strong></span> <span class='ocrx_word' id='word_1_160' title='bbox 765 2227 781 2295; x_wconf 85' lang='grc' dir='ltr'>ὃ</span> <span class='ocrx_word' id='word_1_161' title='bbox 809 2230 903 2313; x_wconf 73' lang='grc' dir='ltr'><strong><em>γέρων</em></strong></span> <span class='ocrx_word' id='word_1_162' title='bbox 931 2235 994 2294; x_wconf 88' lang='lat' dir='ltr'>scil.</span> <span class='ocrx_word' id='word_1_163' title='bbox 1022 2231 1085 2294; x_wconf 81' lang='grc'>1111-</span> 
     </span>
     <span class='ocr_line' id='line_1_23' title="bbox 68 2322 1086 2414; baseline -0.004 -22"><span class='ocrx_word' id='word_1_164' title='bbox 68 2331 201 2414; x_wconf 77' lang='grc' dir='ltr'><strong><em>γοονίδοῐ</em></strong></span> <span class='ocrx_word' id='word_1_165' title='bbox 219 2322 342 2411; x_wconf 83' lang='grc' dir='ltr'>φαίνει).</span> <span class='ocrx_word' id='word_1_166' title='bbox 385 2330 599 2407; x_wconf 89' lang='lat' dir='ltr'>quaerentibus</span> <span class='ocrx_word' id='word_1_167' title='bbox 628 2333 730 2389; x_wconf 88' lang='lat' dir='ltr'>autem</span> <span class='ocrx_word' id='word_1_168' title='bbox 753 2328 839 2388; x_wconf 88' lang='lat' dir='ltr'>nobis</span> <span class='ocrx_word' id='word_1_169' title='bbox 864 2348 940 2406; x_wconf 88' lang='lat' dir='ltr'>quae</span> <span class='ocrx_word' id='word_1_170' title='bbox 963 2329 1086 2388; x_wconf 88' lang='lat' dir='ltr'>tandem</span> 
     </span>
     <span class='ocr_line' id='line_1_24' title="bbox 67 2425 1085 2503; baseline -0.005 -13"><span class='ocrx_word' id='word_1_171' title='bbox 67 2430 183 2492; x_wconf 89' lang='lat' dir='ltr'>fuerint</span> <span class='ocrx_word' id='word_1_172' title='bbox 206 2431 261 2488; x_wconf 88' lang='lat' dir='ltr'>illa</span> <span class='ocrx_word' id='word_1_173' title='bbox 282 2428 452 2488; x_wconf 85' lang='lat' dir='ltr'>meretricia</span> <span class='ocrx_word' id='word_1_174' title='bbox 472 2431 648 2488; x_wconf 88' lang='lat' dir='ltr'>ornamenta</span> <span class='ocrx_word' id='word_1_175' title='bbox 665 2425 860 2503; x_wconf 86' lang='lat' dir='ltr'>respondebit</span> <span class='ocrx_word' id='word_1_176' title='bbox 877 2430 996 2502; x_wconf 89' lang='lat' dir='ltr'>praeter</span> <span class='ocrx_word' id='word_1_177' title='bbox 1014 2427 1085 2486; x_wconf 90' lang='lat' dir='ltr'>Dio·</span> 
     </span>
     <span class='ocr_line' id='line_1_25' title="bbox 68 2524 1085 2607; baseline -0.003 -20"><span class='ocrx_word' id='word_1_178' title='bbox 68 2529 155 2607; x_wconf 85' lang='lat' dir='ltr'>genis</span> <span class='ocrx_word' id='word_1_179' title='bbox 178 2531 345 2603; x_wconf 84' lang='lat' dir='ltr'>auctorem,</span> <span class='ocrx_word' id='word_1_180' title='bbox 369 2526 455 2586; x_wconf 90' lang='lat' dir='ltr'>cuius</span> <span class='ocrx_word' id='word_1_181' title='bbox 478 2525 572 2586; x_wconf 88' lang='lat' dir='ltr'>rerba</span> <span class='ocrx_word' id='word_1_182' title='bbox 594 2530 626 2586; x_wconf 92' lang='lat' dir='ltr'>et</span> <span class='ocrx_word' id='word_1_183' title='bbox 648 2525 795 2602; x_wconf 88' lang='lat' dir='ltr'>adscripsi</span> <span class='ocrx_word' id='word_1_184' title='bbox 818 2528 849 2584; x_wconf 90' lang='lat' dir='ltr'>et</span> <span class='ocrx_word' id='word_1_185' title='bbox 867 2524 1085 2600; x_wconf 87' lang='lat' dir='ltr'>interpretatus</span> 
     </span>
     <span class='ocr_line' id='line_1_26' title="bbox 68 2614 1085 2704; baseline -0.005 -18"><span class='ocrx_word' id='word_1_186' title='bbox 68 2644 144 2703; x_wconf 89' lang='lat' dir='ltr'>sum,</span> <span class='ocrx_word' id='word_1_187' title='bbox 168 2626 256 2685; x_wconf 75' lang='lat' dir='ltr'>Telos</span> <span class='ocrx_word' id='word_1_188' title='bbox 280 2625 333 2701; x_wconf 91' lang='lat' dir='ltr'>qni</span> <span class='ocrx_word' id='word_1_189' title='bbox 355 2624 479 2684; x_wconf 89' lang='lat' dir='ltr'>unicum</span> <span class='ocrx_word' id='word_1_190' title='bbox 502 2627 608 2684; x_wconf 83' lang='lat' dir='ltr'>extet</span> <span class='ocrx_word' id='word_1_191' title='bbox 631 2614 785 2704; x_wconf 74' lang='lat' dir='ltr'>scriptis³)</span> <span class='ocrx_word' id='word_1_192' title='bbox 808 2622 913 2682; x_wconf 91' lang='lat' dir='ltr'>Bionis</span> <span class='ocrx_word' id='word_1_193' title='bbox 935 2622 1085 2700; x_wconf 79' lang='lat' dir='ltr'>fragmen·</span> 
     </span>
     <span class='ocr_line' id='line_1_27' title="bbox 49 2719 1085 2799; baseline -0.004 -16"><span class='ocrx_word' id='word_1_194' title='bbox 49 2719 136 2783; x_wconf 55' lang='lat' dir='ltr'>&#39;tum</span> <span class='ocrx_word' id='word_1_195' title='bbox 168 2723 298 2799; x_wconf 89' lang='lat' dir='ltr'>amplius</span> <span class='ocrx_word' id='word_1_196' title='bbox 330 2720 504 2797; x_wconf 85' lang='lat' dir='ltr'>posteritati</span> <span class='ocrx_word' id='word_1_197' title='bbox 531 2722 677 2798; x_wconf 82' lang='lat' dir='ltr'>servavit,</span> <span class='ocrx_word' id='word_1_198' title='bbox 709 2740 778 2780; x_wconf 89' lang='lat' dir='ltr'>cum</span> <span class='ocrx_word' id='word_1_199' title='bbox 805 2721 870 2796; x_wconf 89' lang='lat' dir='ltr'>ipse</span> <span class='ocrx_word' id='word_1_200' title='bbox 897 2738 958 2780; x_wconf 91' lang='lat' dir='ltr'>non</span> <span class='ocrx_word' id='word_1_201' title='bbox 987 2722 1085 2780; x_wconf 91' lang='lat' dir='ltr'>solum</span> 
     </span>
     <span class='ocr_line' id='line_1_28' title="bbox 68 2817 1085 2895; baseline -0.002 -15"><span class='ocrx_word' id='word_1_202' title='bbox 68 2819 252 2880; x_wconf 87' lang='lat' dir='ltr'>confidenter</span> <span class='ocrx_word' id='word_1_203' title='bbox 283 2819 336 2878; x_wconf 90' lang='lat' dir='ltr'>sed</span> <span class='ocrx_word' id='word_1_204' title='bbox 368 2838 405 2876; x_wconf 90' lang='lat' dir='ltr'>ne</span> <span class='ocrx_word' id='word_1_205' title='bbox 438 2837 507 2878; x_wconf 90' lang='lat' dir='ltr'>curn</span> <span class='ocrx_word' id='word_1_206' title='bbox 539 2818 749 2895; x_wconf 85' lang='lat' dir='ltr'>intellegentia</span> <span class='ocrx_word' id='word_1_207' title='bbox 782 2818 903 2895; x_wconf 91' lang='lat' dir='ltr'>quidem</span> <span class='ocrx_word' id='word_1_208' title='bbox 937 2817 969 2875; x_wconf 91' lang='lat' dir='ltr'>in</span> <span class='ocrx_word' id='word_1_209' title='bbox 995 2836 1085 2878; x_wconf 88' lang='lat' dir='ltr'>usum</span> 
     </span>
     <span class='ocr_line' id='line_1_29' title="bbox 67 2908 1085 2993; baseline -0.004 -15"><span class='ocrx_word' id='word_1_210' title='bbox 67 2937 158 2978; x_wconf 87' lang='lat' dir='ltr'>snum</span> <span class='ocrx_word' id='word_1_211' title='bbox 175 2917 333 2978; x_wconf 78' lang='lat' dir='ltr'>convertit.</span> <span class='ocrx_word' id='word_1_212' title='bbox 365 2916 397 2973; x_wconf 91' lang='lat' dir='ltr'>in</span> <span class='ocrx_word' id='word_1_213' title='bbox 416 2915 551 2974; x_wconf 91' lang='lat' dir='ltr'>oratione</span> <span class='ocrx_word' id='word_1_214' title='bbox 571 2915 650 2974; x_wconf 90' lang='lat' dir='ltr'>enim</span> <span class='ocrx_word' id='word_1_215' title='bbox 668 2915 770 2973; x_wconf 91' lang='lat' dir='ltr'>ieiuna</span> <span class='ocrx_word' id='word_1_216' title='bbox 785 2932 877 2990; x_wconf 89' lang='lat' dir='ltr'>quam</span> <span class='ocrx_word' id='word_1_217' title='bbox 896 2911 962 2990; x_wconf 79' lang='grc' dir='ltr'><strong><em>περὶ</em></strong></span> <span class='ocrx_word' id='word_1_218' title='bbox 981 2908 1085 2993; x_wconf 78' lang='lat' dir='ltr'>adrap-</span> 
     </span>
    </p>
   </div>
   <div class='ocr_carea' id='block_1_3' title="bbox 67 2999 1084 3094">
    <p class='ocr_par' dir='ltr' id='par_1_3' title="bbox 67 2999 1084 3094">
     <span class='ocr_line' id='line_1_30' title="bbox 67 2999 1084 3094; baseline -0.006 -18"><span class='ocrx_word' id='word_1_219' title='bbox 67 3014 148 3087; x_wconf 59' lang='grc'>11111</span> <span class='ocrx_word' id='word_1_220' title='bbox 166 2999 287 3091; x_wconf 79' lang='lat' dir='ltr'>scripsit</span> <span class='ocrx_word' id='word_1_221' title='bbox 306 3004 403 3094; x_wconf 74' lang='lat' dir='ltr'>(apes</span> <span class='ocrx_word' id='word_1_222' title='bbox 422 3011 514 3087; x_wconf 75' lang='lat' dir='ltr'>sas,</span> <span class='ocrx_word' id='word_1_223' title='bbox 532 3014 595 3082; x_wconf 74' lang='lat' dir='ltr'>sor.</span> <span class='ocrx_word' id='word_1_224' title='bbox 610 3010 638 3067; x_wconf 85' lang='lat' dir='ltr'><strong>v</strong></span> <span class='ocrx_word' id='word_1_225' title='bbox 658 3003 724 3091; x_wconf 80' lang='lat' dir='ltr'>cr),</span> <span class='ocrx_word' id='word_1_226' title='bbox 743 3015 779 3071; x_wconf 77' lang='lat' dir='ltr'>us</span> <span class='ocrx_word' id='word_1_227' title='bbox 795 3011 857 3068; x_wconf 78' lang='lat' dir='ltr'>am</span> <span class='ocrx_word' id='word_1_228' title='bbox 876 3002 1084 3091; x_wconf 61' lang='lat' dir='ltr'>wernerus)</span> 
     </span>
    </p>
   </div>
   <div class='ocr_carea' id='block_1_4' title="bbox 140 3178 1081 3254">
    <p class='ocr_par' dir='ltr' id='par_1_4' title="bbox 140 3178 1081 3254">
     <span class='ocr_line' id='line_1_31' title="bbox 140 3178 1081 3254; baseline 0 -18"><span class='ocrx_word' id='word_1_229' title='bbox 140 3186 166 3254; x_wconf 86' lang='lat'>1)</span> <span class='ocrx_word' id='word_1_230' title='bbox 140 3183 230 3238; x_wconf 85' lang='lat' dir='ltr'>lIta</span> <span class='ocrx_word' id='word_1_231' title='bbox 248 3182 323 3238; x_wconf 84' lang='lat' dir='ltr'>enim</span> <span class='ocrx_word' id='word_1_232' title='bbox 341 3180 472 3236; x_wconf 87' lang='lat' dir='ltr'>lacunam</span> <span class='ocrx_word' id='word_1_233' title='bbox 492 3178 658 3248; x_wconf 86' lang='lat' dir='ltr'>explendam</span> <span class='ocrx_word' id='word_1_234' title='bbox 677 3193 737 3233; x_wconf 85' lang='lat' dir='ltr'>esre</span> <span class='ocrx_word' id='word_1_235' title='bbox 751 3179 839 3246; x_wconf 83' lang='lat' dir='ltr'>patet,</span> <span class='ocrx_word' id='word_1_236' title='bbox 859 3178 988 3245; x_wconf 85' lang='lat' dir='ltr'>quamvis</span> <span class='ocrx_word' id='word_1_237' title='bbox 1003 3179 1081 3236; x_wconf 81' lang='lat' dir='ltr'>Soet</span> 
     </span>
    </p>
   </div>
   <div class='ocr_carea' id='block_1_5' title="bbox 67 3260 1082 3412">
    <p class='ocr_par' dir='ltr' id='par_1_5' title="bbox 67 3260 1029 3412">
     <span class='ocr_line' id='line_1_32' title="bbox 67 3260 426 3332; baseline -0.017 -12"><span class='ocrx_word' id='word_1_238' title='bbox 67 3268 114 3320; x_wconf 86' lang='lat' dir='ltr'>tus</span> <span class='ocrx_word' id='word_1_239' title='bbox 131 3261 265 3318; x_wconf 83' lang='lat' dir='ltr'>maluerit</span> <span class='ocrx_word' id='word_1_240' title='bbox 282 3260 426 3332; x_wconf 79' lang='grc' dir='ltr'>π[οη]1οὕ</span> 
     </span>
     <span class='ocr_line' id='line_1_33' title="bbox 139 3338 1082 3412; baseline -0.003 -15"><span class='ocrx_word' id='word_1_241' title='bbox 139 3341 228 3412; x_wconf 69' lang='grc'>1)(11</span> <span class='ocrx_word' id='word_1_242' title='bbox 247 3357 321 3395; x_wconf 89' lang='lat' dir='ltr'>nunc</span> <span class='ocrx_word' id='word_1_243' title='bbox 344 3339 541 3404; x_wconf 69' lang='lat' dir='ltr'>Bluemncrus,</span> <span class='ocrx_word' id='word_1_244' title='bbox 564 3354 605 3408; x_wconf 82' lang='lat' dir='ltr'>pr.</span> <span class='ocrx_word' id='word_1_245' title='bbox 625 3338 830 3394; x_wconf 78' lang='lat' dir='ltr'>Privatottcrtt.</span> <span class='ocrx_word' id='word_1_246' title='bbox 849 3356 877 3408; x_wconf 88' lang='lat' dir='ltr'>p</span> <span class='ocrx_word' id='word_1_247' title='bbox 898 3342 949 3393; x_wconf 83' lang='grc'>189</span> <span class='ocrx_word' id='word_1_248' title='bbox 973 3340 1082 3396; x_wconf 76' lang='grc'>11114.</span> 
     </span>
    </p>
   </div>
   <div class='ocr_carea' id='block_1_6' title="bbox 139 3412 1100 3572">
    <p class='ocr_par' dir='ltr' id='par_1_6' title="bbox 140 3412 1100 3572">
     <span class='ocr_line' id='line_1_34' title="bbox 140 3412 993 3491; baseline -0.005 -14.918"><span class='ocrx_word' id='word_1_249' title='bbox 140 3421 226 3491; x_wconf 80' lang='grc' dir='ltr'>3).Ο1</span> <span class='ocrx_word' id='word_1_250' title='bbox 246 3419 275 3477; x_wconf 88' lang='lat' dir='ltr'>L</span> <span class='ocrx_word' id='word_1_251' title='bbox 295 3419 328 3474; x_wconf 91' lang='lat' dir='ltr'>D.</span> <span class='ocrx_word' id='word_1_252' title='bbox 347 3418 387 3474; x_wconf 89' lang='lat' dir='ltr'>IV</span> <span class='ocrx_word' id='word_1_253' title='bbox 403 3425 438 3474; x_wconf 81' lang='grc'>41</span> <span class='ocrx_word' id='word_1_254' title='bbox 457 3421 573 3472; x_wconf 80' lang='grc' dir='ltr'><strong><em>πλεῖστα</em></strong></span> <span class='ocrx_word' id='word_1_255' title='bbox 592 3412 809 3472; x_wconf 68' lang='grc' dir='ltr'><strong><em>καταλέλοιπε</em></strong></span> <span class='ocrx_word' id='word_1_256' title='bbox 795 3414 993 3486; x_wconf 79' lang='grc' dir='ltr'><strong><em>οπομοήματα.</em></strong></span> 
     </span>
     <span class='ocr_line' id='line_1_35' title="bbox 139 3495 1100 3572; baseline -0.012 -15.778"><span class='ocrx_word' id='word_1_257' title='bbox 139 3503 221 3572; x_wconf 89' lang='grc'>)111.</span> <span class='ocrx_word' id='word_1_258' title='bbox 241 3500 317 3556; x_wconf 71' lang='grc'>191111.</span> <span class='ocrx_word' id='word_1_259' title='bbox 337 3500 362 3554; x_wconf 90' lang='lat' dir='ltr'>Il</span> <span class='ocrx_word' id='word_1_260' title='bbox 381 3499 408 3554; x_wconf 84' lang='lat' dir='ltr'>S.</span> <span class='ocrx_word' id='word_1_261' title='bbox 428 3503 480 3554; x_wconf 77' lang='lat'>495</span> <span class='ocrx_word' id='word_1_262' title='bbox 510 3495 592 3552; x_wconf 83' lang='lat' dir='ltr'>Eine</span> <span class='ocrx_word' id='word_1_263' title='bbox 611 3496 687 3553; x_wconf 76' lang='lat' dir='ltr'>Reda</span> <span class='ocrx_word' id='word_1_264' title='bbox 707 3497 758 3553; x_wconf 81' lang='lat' dir='ltr'>der</span> <span class='ocrx_word' id='word_1_265' title='bbox 778 3496 919 3561; x_wconf 71' lang='lat' dir='ltr'>Axmuth,</span> <span class='ocrx_word' id='word_1_266' title='bbox 937 3498 1039 3549; x_wconf 64' lang='lat' dir='ltr'>nanim</span> <span class='ocrx_word' id='word_1_267' title='bbox 1050 3498 1100 3546; x_wconf 61' lang='lat' dir='ltr'>ss</span> 
     </span>
    </p>
   </div>
   <div class='ocr_carea' id='block_1_7' title="bbox 0 0 1230 3832">
    <p class='ocr_par' dir='ltr' id='par_1_7' title="bbox 0 0 1230 3832">
     <span class='ocr_line' id='line_1_36' title="bbox 0 0 1230 3832; baseline 0 0"><span class='ocrx_word' id='word_1_268' title='bbox 0 0 1230 3832; x_wconf 95' lang='lat' dir='ltr'> </span> 
     </span>
    </p>
   </div>
  </div>
 </body>
</html>
