2452 3832
548 95 771 160 ..30-

151 259 276 318 Timone
309 259 484 317 lacessitum
511 257 662 336 Diogenes
690 250 748 339 (IX
773 251 851 341 115)
880 259 975 319 tradit
1006 260 1176 321 laudatum

151 375 229 432 esse3
261 356 365 434 itaque
398 356 436 413 ad
468 357 548 415 hunc
577 356 690 415 librum
719 357 817 417 refero
846 357 939 435 quod&
955 358 1077 435 scripsit
1104 360 1179 420 Nu·-

149 454 267 512 menius
291 445 333 535 (p.
354 456 395 514 33
421 446 581 536 Theding.)
605 472 653 531 ap.
675 454 786 514 Euseb.
804 473 909 530 praep.
933 473 973 514 cu
996 455 1069 516 XIV
1094 459 1129 536 6,
1151 461 1171 518 5

149 572 178 628 p.
196 543 275 612 731¹³
290 547 436 623 Μνασέας
446 548 498 611 καί
515 545 681 630 Φιλόμηλος
694 548 745 612 καί
761 551 880 630 Τίμων
898 551 929 613 oi
941 550 1089 614 σκεπτικοί
1104 571 1170 616 σκε-

149 640 254 708 πνιιιὸν
277 641 368 710 αὐτὸν
388 639 606 730 (Arcesilaum)
625 643 913 728 προσονομάζουσιν,
932 695 939 712 .
959 695 971 720 .,
986 644 1172 731 ἀναιροῦντα

149 742 200 806 ναί
222 738 314 807 αὐτὸν
335 738 367 806 τὸ
391 740 501 823 ἀληθὲς
523 743 573 806 καλ
595 739 627 807 τὸ
645 745 761 823 ψεῦδος
782 744 831 832 καὶ
854 741 887 809 τὸ
905 742 1047 810 πιθανόν.
1084 751 1172 810 simi·

144 843 220 903 ¹liter
247 844 357 918 scimus
386 835 438 925 (cf.
462 845 495 904 L.
518 845 555 904 D.
578 845 626 904 ΙΠ
650 836 685 926 2)
714 863 733 903 c
757 844 926 923 Speusippo
950 846 982 905 in
1005 840 1171 922 Πλάτωνος

144 941 327 1022 περιδείπνῳ
350 942 509 1002 Platonem
535 942 751 1019 praedicatum
774 960 850 1020 esse;
879 944 932 1003 sed
955 944 1009 1021 qni
1032 945 1170 1006 Timonis

149 1057 247 1098 mores
266 1042 441 1115 perspectos
460 1038 552 1098 habet
569 1038 659 1098 facile
678 1038 737 1097 sibi
759 1041 962 1120 persuadebit,
978 1035 1170 1118 Ἀρκεσιλάου

148 1134 339 1213 περίδειπνον
370 1154 431 1194 non
468 1137 567 1195 solum
600 1136 707 1196 laudes
739 1135 889 1197 Arcesilai
921 1138 1060 1215 scepticis
1094 1158 1171 1201 sane

149 1331 278 1390 tinuisse
309 1330 361 1390 sed
389 1332 482 1392 etiam
510 1332 538 1391 ei
564 1332 801 1409 repugnantium
822 1331 1072 1409 philosophorum
1099 1335 1169 1396 irri-

151 1428 257 1489 siones.
291 1447 383 1505 quem
402 1431 440 1488 ad
458 1449 523 1488 rem
541 1429 664 1489 δεῖπνον
682 1427 874 1504 aptissimum
892 1430 961 1507 fuit,
980 1430 1067 1490 cuius
1086 1431 1171 1494 inter

149 1525 294 1602 κομψείας
317 1526 487 1587 aLuciano
512 1517 670 1607 (Prometh.
690 1518 725 1608 8)
749 1517 908 1604 σκώμματα
930 1521 1034 1588 καὶτὸ
1058 1527 1170 1591 διασιλ-

148 1621 261 1683 λαίνειν
283 1620 333 1683 καὶ
356 1620 493 1704 ἐπιγελᾶν
514 1625 699 1701 referantur,
729 1623 761 1682 in
785 1643 844 1700 quo
868 1618 1014 1702 ζητήματα
1037 1629 1170 1703 proponi

149 1721 240 1779 solita
263 1720 325 1780 sint
347 1722 546 1799 certatimque
566 1741 584 1780 a
603 1721 738 1781 convivis
758 1722 847 1799 solvi,
870 1722 903 1780 in
926 1723 1012 1782 cuius
1036 1724 1169 1785 fonnem

147 1817 259 1877 idcirco
283 1818 418 1878 irrisoria
442 1819 574 1879 carmina
597 1820 773 1895 frequenter
795 1823 867 1878 sunt
888 1821 1019 1880 reducta.
1066 1824 1167 1900 suspi-

149 1901 234 1974 eccui
260 1916 368 1993 igitur·
385 1916 536 1992 quispiam
563 1936 623 1976 non
651 1916 753 1992 inepte
781 1917 861 1976 hunc
888 1917 1001 1977 nerum
1024 1919 1168 1982 similiter

26 2077 30 2084 ,
74 2074 79 2080 ,
148 2005 373 2089 comparatum·
388 2015 481 2074 fnisse
515 2017 607 2091 atque
634 2012 780 2073 Varronis
810 2018 945 2074 saturam
972 2015 1167 2093 Menippeam

149 2109 314 2171 Μενίππου
337 2106 451 2189 ταφήν,
482 2112 569 2170 cuius
595 2111 728 2172 indolem
751 2112 910 2188 descripsit
933 2111 1006 2173 Otto
1029 2114 1167 2176 Ribbeck

147 2225 223 2267 mus.
243 2207 336 2273 Rhen.
355 2209 428 2268 XIV
445 2231 474 2287 p.
496 2211 558 2269 126
572 2227 628 2286 sq.,
651 2228 749 2294 neque
772 2229 954 2288 magnopere
978 2211 1166 2289 discrepasse

147 2323 166 2363 e
198 2305 283 2366 sillis.
313 2311 435 2376 'verum
471 2307 609 2367 versibus
646 2325 684 2365 en
722 2308 824 2366 soluta
860 2309 995 2368 oratione
1033 2310 1167 2387 scriptus

146 2403 240 2463 fuerit
261 2404 351 2482 liber,
375 2424 435 2464 non
458 2404 563 2480 liquet.

215 2500 264 2559 Sic
286 2501 338 2562 vic
361 2501 448 2579 quasi
470 2500 663 2576 praemunita
690 2501 767 2560 nihil
789 2503 919 2580 impedit
939 2505 1101 2580 quominus
1127 2507 1167 2566 ad

147 2596 240 2656 libros
267 2598 337 2657 illos
366 2598 581 2675 aggrediamur
607 2598 719 2675 quibus
743 2600 850 2660 Timon
863 2602 941 2678 ipse
969 2605 1091 2662 tantum
1119 2604 1165 2664 in-

147 2693 269 2770 scripsit
292 2687 466 2777 rintorp
490 2695 582 2755 verba
606 2695 686 2755 enim
710 2715 788 2774 quse
812 2698 966 2760 adduntur
988 2699 1071 2775 apud
1095 2700 1165 2760 Sui·

147 2791 216 2849 dam
239 2812 266 2852 v.
289 2790 459 2869 Τίμων...
481 2786 547 2871 ἤτοι
568 2786 685 2873 ψόγους
706 2795 766 2853 τῶν
788 2789 963 2871 φιλοσόφων
985 2796 1166 2872 interpretis

147 2893 218 2948 sunt
242 2889 407 2967 cuiusdam,
431 2909 491 2949 non
515 2890 658 2950 Timonis.

149 3023 357 3030 ...-----—·--——

219 3090 244 3152 1)
264 3086 394 3141 Ceterum
417 3085 485 3141 satis
508 3088 591 3143 notae
614 3086 812 3156 neglegentiae
837 3104 921 3156 quum
939 3088 970 3142 in
988 3087 1082 3144 titulis
1101 3091 1170 3152 luu-⁴

147 3164 247 3219 dendis
274 3165 478 3228 recentioribus
506 3167 680 3236 temporibus
705 3166 760 3222 sibi
782 3166 960 3224 indulserunt
982 3172 1165 3240 grammatici

146 3245 304 3314 exemplum
322 3245 505 3301 memorabile
529 3246 619 3300 tradit
637 3246 795 3316 Stephanus
815 3249 876 3317 Byr.
896 3267 923 3303 v,
945 3250 1058 3318 Φλιοῦς,
1085 3254 1165 3322 apud

145 3340 228 3393 quem
252 3325 357 3394 legitur
377 3327 473 3395 Τίμων
496 3321 510 3380 ὁ
531 3326 610 3394 περί
633 3327 731 3381 σίλλων
754 3324 917 3398 ρεγραφοίςς
943 3329 1018 3399 apud
1037 3329 1164 3388 Gellium

137 3404 243 3472 11117,
264 3409 282 3457 4
304 3405 365 3474 (qui
384 3406 472 3468 σίλλος
490 3405 664 3475 inscribitur)
687 3406 717 3461 in
740 3423 795 3462 uno
818 3406 1008 3477 antiquiorum
1031 3409 1163 3467 codicum

122 3481 223 3541 σίλλος
242 3484 299 3551 est,
320 3484 351 3538 in
372 3483 479 3541 ceteris
499 3490 609 3543 σίλλων.
644 3481 647 3488 ’
