2438 3832
70 141 418 183 summ-rmum
463 157 505 166 —
555 120 618 186 155
663 157 705 168 —-

374 320 549 379 XXXXIIII
572 313 630 402 (45
654 315 789 403 proecd.)

116 432 193 503 οὔτε
216 462 273 522 μοι
297 431 318 523 ἡ
347 440 424 523 Τεΐη
448 433 522 525 μᾶζ’
548 434 695 524 ἥνδανεν
720 437 797 507 οὔτε
819 439 967 528 καρύκκη

115 538 136 628 ἡ
161 545 302 628 Λνδοῑν,
326 545 416 631 λειτῇ
442 542 557 611 δὲκαὶ
581 540 706 634 αὐαλέη
730 546 780 613 ἐνὶ
803 545 913 639 κόγχην

110 645 283 735 Ἑλλήνων
305 645 327 736 ἡ
350 647 430 718 πᾶσ’
456 646 788 738 ἀπερισσοτρόφητος
810 650 907 736 ὀιζύς.

135 850 222 894 cusu.
259 833 469 895 Athenaeus
501 834 545 894 IV
577 856 606 912 p.
634 838 714 898 160⁸
746 827 833 910 οὗτος
865 830 997 920 (Τίμων)
1029 833 1086 929 γόρ

67 930 148 993 ἔστιν
175 925 209 1005 ὃς
239 929 289 992 καὶ
318 934 370 993 τοῦ
402 925 511 1012 κόγχον
542 926 722 1012 μνημονεύει
748 930 781 994 ἐν
808 937 848 1018 τῷ
875 931 1001 1017 δευτέρῳ
1028 937 1088 995 τῶν

67 1030 176 1090 σίλλων
198 1026 292 1109 λέγων
314 1023 420 1103 οὕτως·
445 1023 534 1090 «οὔτε
557 1051 607 1107 μοι
630 1063 672 1072 -
696 1023 807 1104 όῖζός».
848 1025 1008 1111 διαφόρων
1030 1025 1086 1112 γὰρ

67 1121 170 1190 οὐσῶν
192 1124 242 1187 καὶ
264 1130 324 1188 τῶν
346 1125 380 1187 ἐκ
400 1124 462 1188 Τέω
486 1126 586 1206 μαζῶν
605 1175 611 1187 .
627 1175 633 1185 .
649 1175 655 1185 .
672 1175 680 1214 ,χ
698 1125 747 1188 καλ
769 1131 828 1190 τῶν
846 1129 973 1190 Λυδίαν
995 1151 1087 1208 καρο-

66 1227 132 1286 xciv
154 1225 306 1305 προκρίνει
328 1218 504 1304 ἀμφοτέραν
526 1218 542 1286 ὅ
569 1225 669 1305 Τίμων
691 1220 744 1288 τόν
765 1218 882 1309 κόγχον.

140 1377 166 1414 v.
187 1363 201 1411 1
225 1353 243 1428 ἡ
265 1358 334 1428 Τεΐη
359 1358 417 1425 (vel
434 1353 452 1428 ἡ
470 1358 553 1428 Thin)
578 1357 738 1417 casaubon:
762 1358 845 1432 ἡτηι
863 1363 903 1432 A,
926 1357 946 1433 ἥ
965 1383 995 1419 τε
1013 1363 1084 1434 BD,

67 1445 167 1517 ἑκταίη
192 1447 258 1516 Vn,
287 1443 319 1503 ἐκ
347 1445 415 1502 τέο
430 1448 510 1504 codd.
538 1448 698 1506 casauboni
722 1454 726 1520 Ι
751 1445 879 1519 ἥνδανεν
906 1453 1006 1524 scripsi
1032 1470 1084 1523 pro

67 1533 190 1592 ἁνδάνει
204 1536 274 1592 haec
287 1537 325 1591 ad
337 1535 519 1607 Xenophenis
533 1538 623 1594 vitum
637 1540 764 1610 spectare
777 1543 865 1610 ratus,
879 1540 914 1595 de
928 1559 984 1613 qua
997 1541 1085 1597 etiam

68 1628 102 1681 ir.
112 1624 244 1681 XXXXV
253 1644 279 1682 v.
291 1630 314 1680 o.
326 1633 342 1681 6
356 1624 522 1697 imperfecto
531 1629 658 1698 tempore
667 1629 797 1684 narratur
806 1632 841 1699 (v.
853 1645 952 1684 comm
963 1632 993 1685 et
1001 1645 1086 1700 supra

66 1733 94 1786 p.
103 1717 148 1782 46)
160 1714 164 1786 j
177 1712 306 1784 καρύκκη
317 1714 416 1784 scripsi
426 1717 501 1784 (cum
511 1715 591 1772 codd.
602 1715 873 1786 Schweighaeuseri)
884 1717 948 1773 coll.
957 1717 1085 1774 HerodI

66 1821 95 1874 p.
110 1807 177 1872 31⁷,
197 1809 229 1858 19
249 1802 358 1858 Lentu:
380 1821 509 1873 κακρνκη
526 1804 566 1871 A,
586 1801 714 1873 κακρόκη
732 1804 761 1858 Ρ
780 1806 790 1873 ΙΙ
811 1822 837 1858 v.
853 1810 869 1858 2
888 1805 964 1876 λειτῇ
985 1804 1085 1876 scripsi
1156 1857 1158 1861 ,

67 1891 131 1948 coll.
150 1891 260 1947 Iacobsi
282 1891 346 1947 adn.
368 1891 405 1945 ad
422 1889 538 1946 Anthol.
557 1891 616 1946 Pul.
637 1892 691 1948 vol.
711 1892 751 1948 III
769 1911 795 1962 p.
815 1898 880 1960 9693
905 1892 934 1948 C.
954 1892 973 1948 i.
993 1892 1037 1950 Gr.
1057 1893 1084 1949 11

66 2001 93 2037 n.
108 1985 187 2037 22⁶8.
205 1987 288 2047 62613
307 1980 417 2048 Kaibel,
437 1981 525 2051 epigr.
540 1979 586 2035 Gr.
603 1987 662 2037 119.
678 1987 729 2038 ow
748 1983 798 2038 ah:
818 1986 897 2051 λητηι
916 1986 948 2038 δε
967 1984 1004 2052 Α,
1022 1984 1082 2055 λε’τη

66 2069 99 2126 di
118 2071 155 2140 B,
173 2065 241 2139 λητὴ
260 2069 292 2125 δὲ
312 2070 357 2139 ΡΙ
373 2065 481 2142 αόαλέη
500 2070 536 2141 Q:
555 2064 660 2138 οόαλέη
675 2071 745 2140 AP,
764 2066 818 2126 οόκ
836 2065 906 2141 ἄλλη
920 2072 959 2144 D,
978 2066 1013 2126 οὔ
1033 2092 1082 2127 κα·

66 2157 116 2228 λὲη
132 2159 169 2226 B,
188 2153 328 2231 αόσταλέη
349 2159 403 2212 VL
416 2161 426 2230 χ
441 2176 465 2213 v.
485 2165 502 2213 3
520 2153 589 2212 κᾶτ’
611 2153 889 2229 οἳιτερισσοτρόφητορ
907 2159 1083 2216 Valckenacr

66 2263 130 2303 auu.
155 2247 215 2302 crit.
235 2247 272 2302 ad
290 2246 361 2302 Nor.
380 2247 465 2303 Foed.
484 2264 513 2316 p.
532 2252 598 2302 390:
626 2247 704 2300 πᾶσα
731 2244 990 2318 περισσοτρύφητος
1017 2250 1083 2304 libri
1181 2311 1188 2322 ⁸

132 2442 228 2485 cosm.
265 2424 347 2484 Haec
376 2424 479 2502 inepte
506 2424 682 2486 Athenaeus
714 2424 777 2486 sive
806 2423 959 2502 Oyuulcus
991 2444 1080 2502 quem

64 2524 240 2600 loquentem
271 2522 346 2582 facit
372 2520 547 2582 Athenaeus
575 2523 614 2582 ed
640 2524 741 2600 ipsum
764 2523 921 2584 Timonem
947 2524 1081 2602 rettulit3

63 2619 177 2680 rectius
206 2619 263 2678 hoo
286 2620 442 2679 ulterius
465 2620 536 2680 libri
558 2621 764 2699 fragmentum
786 2623 978 2700 Xenophani‚
1006 2641 1080 2700 quo-

63 2736 134 2777 cum
156 2715 189 2772 in
215 2714 271 2772 hoc
299 2715 377 2773 libro
401 2717 556 2777 Timonem
586 2720 771 2780 collocutum
798 2739 862 2780 esse
886 2721 1009 2797 scimus,
1033 2738 1080 2782 as-

63 2811 211 2893 signabis:
243 2811 296 2869 ifle
329 2811 409 2869 enim
440 2833 500 2872 non
535 2816 634 2874 solum
665 2836 720 2892 per
747 2836 779 2876 se
806 2819 918 2877 rectius
947 2817 1081 2877 creditur

64 2913 208 2971 Teiorum
228 2912 260 2969 et
277 2907 433 2985 Lydorum
458 2928 530 2970 suae
553 2913 671 2987 petrice
690 2912 859 2972 vicinorum
876 2912 1030 2970 luxuriam
1048 2914 1080 2972 in

63 3007 319 3086 comparationem
340 3022 463 3066 vocasse
482 3026 574 3083 quem
592 3008 699 3067 Timon
717 3008 880 3084 Phliasius,
902 3010 1080 3084 praesertim

63 3124 132 3165 com
155 3106 232 3166 Teos
256 3108 346 3164 antec
370 3122 461 3181 quam
484 3123 502 3162 a
522 3105 621 3166 Persis
644 3105 741 3182 ipsius
762 3104 955 3182 Xenophauis
979 3108 1079 3167 aetate

64 3208 238 3282 expugnatu
256 3206 303 3263 est
320 3203 418 3281 magis
432 3202 569 3263 floruerit
582 3222 674 3281 quem
687 3207 802 3281 postea,
821 3203 874 3263 sed
887 3204 981 3264 etiem
993 3206 1079 3266 testi-

63 3302 163 3361 monio
182 3306 264 3362 certo
279 3301 430 3362 Athenaei
442 3301 503 3360 XII
515 3322 544 3378 p.
560 3293 640 3362 didi
658 3305 801 3361 narratur
813 3302 914 3379 Lydos
932 3302 1078 3372 delicatos

63 3397 235 3476 castigasse.
271 3400 380 3460 horum
398 3399 494 3477 igitur
512 3401 618 3460 luxum
637 3399 793 3460 aTimoue
813 3420 933 3479 quoque
952 3401 1079 3480 fingitur

62 3495 248 3574 repudiasse,
271 3498 451 3574 praetulisse
476 3497 661 3562 Graecorum
681 3498 859 3576 simoiicsm
874 3500 1013 3558 mesum.
1054 3498 1106 3550 sm
