2452 3832
473 131 693 196 ,19..

74 317 123 362 res
145 301 213 358 tota
235 299 363 358 fortasse
383 298 422 356 ad
441 298 629 356 aemulorum
652 295 798 356 invidiam
819 299 979 372 poetarum
1002 294 1090 373 redit,

74 414 145 454 nam
177 399 214 456 ut
242 395 371 454 Athenis
402 397 511 472 poetae
543 397 651 452 mutua
682 393 854 470 flagrabant
886 392 1013 470 invidia,
1046 393 1090 452 ita

75 494 167 554 etiam
191 493 411 552 Alexandrinos
435 494 541 568 poetas
565 491 644 550 inter
667 509 698 550 se
723 491 890 551 exercuisse
913 490 1089 550 inimicitias

25 657 29 664 .
75 594 311 651 consentaneum
339 583 405 649 est'.
451 608 515 648 rem
541 589 640 665 ipsam
667 577 798 647 arbitror
829 587 913 647 haud
939 587 984 648 ita
1011 587 1089 646 diffi-

75 689 252 762 cilemesse
276 687 442 764 explicatu:
466 687 540 745 dicit
558 685 710 762 Diogenes
730 685 886 745 Timonem
904 686 1017 763 quippe
1037 686 1091 764 qui

43 767 44 772 ἵ
75 789 157 845 esset
189 779 427 865 φιλογράμματος
459 783 651 861 aptissimum
682 783 776 842 fuisse
791 785 795 792 '
808 783 847 840 ad
878 783 1091 842 conscribenda

61 881 174 959 'poetis
193 881 367 940 fabularum
386 883 577 958 argumenta,
600 880 619 938 i.
635 899 658 938 e.
679 879 717 938 ad
735 878 913 966 tradendam
932 881 975 938 eis
993 881 1091 956 ipsam

74 978 313 1056 mythologioam
339 979 510 1056 materiam,
543 997 579 1036 ex
611 996 672 1055 qua
699 977 837 1036 dramata
864 982 1090 1055 componerent3

74 1077 167 1154 idque
189 1077 351 1154 praecipue
373 1077 562 1153 praestitisse
585 1073 758 1134 Alexandro
779 1075 889 1136 Aetolo
913 1078 1005 1152 atque
1028 1076 1090 1135 Ho-

74 1194 157 1234 mero
175 1174 293 1252 tragioo
312 1174 343 1232 in
362 1173 574 1254 componendis
593 1171 766 1250 tragoediis.
799 1192 896 1250 neque
911 1173 991 1232 enim
1006 1173 1091 1232 aliud

75 1271 133 1332 sibi
155 1272 264 1332 volunt
281 1269 374 1331 verba
397 1264 515 1346 μύθους
533 1265 647 1350 γράψαι
671 1270 763 1330 simili
787 1271 918 1348 quadam
941 1275 1090 1348 usurpata

74 1368 201 1446 ratione,
225 1387 286 1446 qua
308 1368 373 1428 Silo
398 1387 416 1427 a
440 1368 561 1446 Seneca,
584 1386 695 1428 suasor.
719 1369 810 1452 1119
836 1369 948 1428 dicitur
971 1363 1090 1445 ‘panto-

73 1466 174 1526 mimis
202 1467 321 1526 fabulas
350 1460 529 1544 scripsisse’3
560 1485 658 1544 neque
685 1466 779 1527 habet
805 1467 879 1527 haec
905 1485 954 1526 ras
980 1486 1036 1543 per
1059 1485 1090 1526 se

63 1564 241 1641 ,quidquam
273 1564 455 1624 incredibile.
500 1583 571 1623 nam
603 1583 672 1624 oum
697 1569 806 1642 poetae
833 1565 1031 1624 Alexandrini
1058 1565 1091 1623 in

74 1663 239 1741 tragoediis
266 1663 429 1723 scribendis
453 1661 613 1722 recolenda
635 1662 845 1722 abstrusorum
868 1666 899 1721 et
921 1662 1089 1721 recondita·

74 1780 143 1819 rum
170 1762 345 1820 fabularum
372 1760 517 1819 memoria
541 1758 695 1817 doctrinae
717 1759 815 1836 magis
840 1776 932 1834 quam
953 1758 1089 1834 poeticae

74 1858 199 1918 virtutis
226 1857 349 1915 laudem
372 1855 519 1932 aucupati
546 1873 615 1913 cum
643 1873 760 1914 summa
786 1855 937 1914 industria
960 1849 1091 1932 μυθικὰς

74 1954 203 2032 ἱστορίας
230 1954 479 2032 conquisiverint‚
510 1973 571 2014 non
602 1953 724 2014 videtur
756 1952 902 2012 absonum
935 1971 1000 2012 esse
1028 1953 1090 2014 iam

74 2056 141 2113 tum
163 2052 316 2112 hominem
339 2052 461 2110 doctum
483 2051 581 2127 poetis
605 2051 814 2128 suppeditasse
841 2051 940 2111 simile
964 2051 1090 2130 aliquid,

75 2149 157 2226 quod
180 2149 389 2225 suppeditasse
413 2149 524 2208 scimus
548 2147 686 2208 Cornelio
707 2149 795 2209 Gallo
813 2149 1013 2208 Parthenium
1035 2143 1090 2229 τὴν

74 2241 216 2324 ἄθροισιν
242 2249 302 2306 τῶν
329 2243 476 2324 ἐρωτικῶν
502 2240 690 2323 παθημάτων
719 2240 951 2323 ἆναλεξάμενον,
982 2248 1090 2308 itaut

76 2344 105 2403 ei
136 2342 243 2402 liceret
269 2343 346 2403 hanc
375 2343 416 2415 εἰς
441 2341 496 2422 ἔπη
520 2340 582 2427 καὶΙ
598 2339 723 2422 ἐλεγείας
749 2335 880 2424 ἀνάγειν.
921 2345 981 2403 huc
1013 2339 1091 2404 illud

75 2441 168 2501 etiam
191 2439 302 2519 refero,
326 2441 408 2518 quod
427 2442 547 2501 Timoni
568 2440 728 2524 τραγῳδίαι
751 2441 800 2502 vel
824 2443 982 2520 sexaginta
1005 2431 1089 2521 (δρά-

75 2529 164 2619 ματα)
188 2532 309 2618 τραμιιιοὶ
332 2539 547 2601 adscribuntur
571 2531 613 2620 (v.
636 2539 717 2599 infra
739 2561 768 2615 p.
790 2531 856 2621 24).

140 2636 186 2695 De
210 2635 344 2697 Timonis
373 2639 509 2698 studiis
538 2639 667 2716 denique
692 2638 766 2697 haec
790 2637 895 2697 scribit
917 2627 1090 2718 Antigonus

75 2732 232 2811 Carystius
255 2735 337 2811 apud
359 2735 392 2795 L.
416 2736 453 2796 D.
480 2738 555 2795 110:
583 2725 623 2815 ἦν
646 2731 678 2810 δὲ
700 2732 751 2796 ιιαλ
774 2730 969 2814 φιλοττοιητὴς
993 2729 1090 2819 (φιλο-

73 2825 166 2908 πότης
189 2824 275 2912 libri)
304 2828 353 2890 καλ
380 2825 441 2896 σἰττὸ,
466 2835 525 2893 τῶν
548 2827 726 2910 φιλοσόφων
752 2826 898 2911 ἐσχόλαζε,
926 2833 980 2891 ubi
1008 2836 1090 2908 φιλο·

73 2922 197 3007 ττοιητής
224 2929 447 2988 restituendum
471 2948 534 2989 esse
562 2930 637 2989 mihi
665 2933 696 2989 et
724 2929 796 2989 olim
823 2930 962 3005 persuasi
990 2948 1090 2988 assen-

25 3031 26 3034 ’
73 3026 169 3086 tiente
201 3025 340 3103 Koepkio
374 3017 423 3106 (de
449 3025 549 3100 Antip.
579 3026 646 3086 Gor.
674 3047 702 3102 p.
727 3017 785 3107 46)
819 3029 850 3084 et
881 3044 961 3084 nunc
994 3027 1090 3086 credo.

73 3142 204 3201 namque
227 3127 390 3200 postquam
412 3123 610 3200 Apollonides
639 3143 729 3200 quam
756 3123 931 3183 brevissime
946 3123 1090 3185 Timonis

73 3215 234 3290 vitamet
260 3221 469 3298 philosophiae
504 3220 605 3280 studia
632 3220 791 3298 descripsit
817 3222 879 3280 iam
905 3223 1090 3282 transiturus

74 3319 113 3380 ad
137 3318 202 3378 eius
222 3319 472 3396 scriptapoetica
490 3317 682 3394 potissimum
702 3320 904 3378 enumeranda
921 3320 978 3380 hoc
997 3340 1090 3380 enun-

72 3417 186 3478 tiatum
214 3416 409 3494 interposuit,
441 3435 501 3494 quo
524 3418 666 3475 narratur
689 3417 796 3475 Timon
818 3436 879 3477 non
903 3420 1003 3477 solum
1023 3419 1090 3491 phi-

73 3514 229 3591 losophiae
262 3532 383 3590 operam
416 3513 534 3576 dedisse
566 3514 622 3577 sed
654 3514 754 3578 etiam
780 3517 897 3593 postus
927 3527 1057 3570 amasse
1088 3509 1127 3556 os.

930 3609 970 3661 (2⁸³5
