2438 3832
60 131 110 171 ru.
125 131 218 171 1-111
417 99 418 104 ¹
461 143 498 149 -
548 105 611 172 189
663 141 699 148 -

131 288 216 330 ruer.
242 270 372 331 Sextus
395 271 527 347 Empir.
551 271 621 342 adv,
642 269 740 347 dogm.
759 267 807 327 111
827 269 903 328 193-
915 264 1004 328 ἔνθεν
1026 265 1076 328 τινὶ

61 360 79 429 ὅ
110 361 288 446 Ξενοφάνης
320 364 476 448 διελέγχων
507 360 576 440 τοὺς
607 364 674 444 περὶ
697 359 830 444 Ὅμηρον
862 362 912 426 καὶ
934 358 1076 429 Ἡσίοδόν

61 480 147 543 φησι·
172 459 290 526 «πάντα
316 497 353 508 -
378 458 564 526 ἆτιιιτεύεινν.
601 465 698 525 Idem
721 465 787 526 adv.
810 465 951 526 matham.
975 465 991 524 I
1011 467 1073 525 289

50 557 183 642 Ὅμηρος
211 557 244 623 δὲ
271 559 321 622 καλ
343 555 483 636 Ἡσίοδος
509 558 583 624 κατὰ
610 555 662 624 τὸν
689 555 887 638 Κολοφώνιον
914 555 1074 641 Ξενοφάνη

61 651 125 732 «ὣς
147 653 255 720 πλεῖστ’
284 693 321 700 -
347 657 450 742 ἔργα»,
473 658 625 721 «κλέπτειν
651 693 688 700 -
714 653 900 720 imrateca».

132 812 157 849 v.
173 799 191 848 4
210 787 248 855 ὃς
266 792 364 864 scripsi
382 791 430 863 (ὡς
447 793 614 863 Fabriciue):
639 787 671 856 ὃς
686 793 765 862 libri,
785 790 813 848 οἳ
831 793 1003 861 Stephanus,
1026 791 1075 847 act

59 883 181 938 Karsten
194 901 221 952 p.
238 887 273 938 43
295 883 298 953 λ
320 877 483 953 ἐφθέγξατο
500 882 580 938 libri:
600 899 670 938 corr.
689 882 834 938 Fabricius

130 1069 224 1110 eomer.
252 1050 316 1111 Hcs
341 1053 487 1129 quattuor
509 1067 613 1111 versus
637 1050 679 1108 sic
698 1050 889 1112 continuavit
906 1049 1074 1110 Karsterus

58 1151 96 1208 ut
128 1149 258 1209 alterum
291 1149 375 1208 Sexti
406 1147 615 1209 testimonium
647 1151 769 1207 secutus
797 1150 869 1208 v.4
903 1150 973 1207 ante
1000 1167 1028 1208 v.
1054 1148 1072 1206 3

58 1249 197 1322 poneret:
226 1245 278 1306 sad
306 1245 368 1306 sive
397 1237 437 1316 ὡς
465 1244 528 1305 sive
556 1243 586 1305 ολ
612 1244 717 1305 scribis
745 1245 811 1307 hiat
834 1244 945 1325 oratic,
976 1263 1074 1322 neque

58 1342 134 1404 ben'e
161 1344 326 1421 precedet
349 1343 375 1403 si
401 1343 551 1404 violenter
577 1361 646 1403 cum
668 1343 818 1405 Karstene
846 1335 879 1415 ὃς
906 1342 1071 1404 mutaveris

58 1439 92 1498 in
118 1438 181 1519 καὶ,
212 1459 311 1519 neque
334 1459 390 1517 per
416 1459 448 1500 ee
475 1439 633 1518 probabile
665 1459 786 1502 versum
818 1439 944 1502 tertium
970 1441 1071 1519 priore

57 1539 126 1598 loco
154 1557 172 1598 a
200 1539 291 1599 Sexto
320 1539 465 1598 omissum
491 1557 565 1599 esse.
612 1539 707 1600 satius
730 1539 827 1617 igitur
850 1539 934 1616 duxi,
962 1538 1072 1616 prieris

57 1636 119 1696 loci
146 1637 355 1698 testimonium
382 1637 536 1714 integrum
565 1655 683 1696 servare
708 1639 738 1696 et
752 1624 896 1696 'conicere
919 1635 952 1694 in
975 1636 1071 1696 altero

57 1733 232 1794 testimonio
256 1750 360 1794 versus
386 1735 404 1792 3
429 1737 460 1792 et
479 1735 499 1792 4
523 1734 624 1792 lecum
646 1735 788 1811 mutasse,
812 1733 857 1793 ita
878 1736 915 1793 ut
932 1753 959 1793 v.
980 1733 1000 1792 4
1020 1732 1069 1792 de·

56 1830 259 1891 monstrativa
274 1828 416 1890 adverbio
432 1821 472 1900 ὣς
489 1831 644 1906 proposito
658 1830 819 1891 Homerica
836 1830 953 1891 ratione
972 1829 1070 1891 brevi·

56 1932 107 1990 ter
125 1925 397 2003 comprehendatur
419 1927 570 1989 sententia
593 1928 764 1989 accuratius
788 1932 878 1989 antea
901 1929 1069 2006 explanata.

459 2129 671 2136 Μ

434 2298 561 2388 111(17
586 2299 702 2390 Karst.)

102 2417 169 2510 πὰρ
193 2419 276 2512 πυρὶ
297 2423 360 2513 χρὴ
384 2434 523 2494 τοιαῦτα
546 2425 655 2509 λέγειν
678 2426 841 2511 χειμῶνος
865 2426 901 2493 ἐν
925 2423 995 2513 ὥρῃ

101 2533 199 2617 κλίνῃ
223 2529 273 2599 ἐνὶ
297 2532 427 2620 μαλακῇ
450 2535 704 2618 κατακείμενον,
728 2535 870 2618 ἔμπλεον
895 2529 991 2618 ὄντα,

103 2637 245 2703 πίνοντα
267 2640 395 2722 γλνιιὺν
420 2633 526 2724 οἶνον,
550 2635 778 2725 ὑποτρώγοντ’
805 2640 1013 2727 ἐρεβίνθους·

103 2743 164 2819 ετίς
186 2741 295 2809 πόθεν
319 2738 366 2820 εἷς
390 2739 542 2830 ceream
565 2743 653 2812 πόσα
671 2769 723 2811 τοι
743 2749 798 2830 ἔτη
819 2746 898 2830 ἐστί,
921 2746 1068 2832 caetera

69 2851 239 2932 ὁπηλίκος
261 2839 342 2932 ἦσθ’
370 2844 427 2914 ὅθ’
454 2845 471 2914 ὁ
495 2853 618 2935 Μῆδος
640 2845 805 2935 ciuium?

346 3032 467 3075 HOMERI
489 3031 643 3076 VSVRPA'H
665 3033 781 3078 VERSVS

55 3130 86 3186 in
103 3145 129 3186 v,
150 3135 178 3184 1:
197 3149 215 3199 η
236 3133 287 3184 154
305 3125 363 3199 ιιᾶρ
382 3132 453 3200 uvel

54 3219 86 3275 in
103 3236 130 3274 v,
150 3225 178 3274 2:
198 3239 214 3288 γ
235 3223 286 3273 196
306 3212 374 3291 εὐνῇ
395 3214 437 3274 ἐνὶ
456 3219 567 3290 μαλακῇ
587 3217 794 3290 καταλέγμενος

186 3311 215 3360 Χ
231 3313 284 3364 504
303 3303 372 3381 εὐνῇ
391 3303 437 3363 Ιλνλ
455 3308 568 3380 μαλακῇ
587 3307 702 3364 θαλέων
722 3304 936 3379 ἐμπλησάμενος
954 3305 1006 3378 urie

54 3396 84 3450 in
102 3413 127 3450 v.
147 3402 177 3450 4:
198 3416 216 3450 οι
236 3403 288 3454 170
306 3400 348 3460 τίς
365 3394 460 3453 πόθεν
480 3394 520 3460 εἷς
538 3391 664 3468 ἄνδρῶνς

199 3487 285 3542 Z123
305 3486 341 3542 al.
360 3487 402 3550 τίς
421 3484 452 3542 δὲ
473 3483 506 3541 σύ
526 3481 598 3560 ἐστι,
618 3485 751 3560 cpe'ccete·⁸
