2454 3840
537 159 579 170 -
628 123 691 188 128
737 157 781 169 -
1040 143 1166 187 'rrnouis

150 289 235 367 gitur
261 288 344 365 apud
369 289 545 349 Terentium
567 287 639 347 Hec.
663 286 695 345 H
719 290 748 364 1,
773 289 823 347 17.
870 287 932 345 iam
958 285 1058 363 igitur
1081 287 1167 347 homo

151 387 265 446 stultns
288 385 366 446 Asso
391 385 535 446 oriundus
559 384 672 462 optime
696 381 877 443 describItur
899 382 1001 443 verbis
1024 376 1169 461 μωλύτης,

151 482 237 556 λύθος
262 477 387 555 ΙἈσσιος.
441 482 600 559 quaeritur
630 485 733 542 tamen
766 500 825 558 quo
859 476 954 540 ἐπέων
985 481 1168 541 vocabulum

152 580 367 658 interpositum
389 581 549 658 pertineat.
586 579 661 639 mihi
678 577 801 640 videtur
819 579 957 640 consulto
976 579 1088 639 relatio
1109 596 1168 638 esee

153 677 185 737 in
212 679 312 739 medio
339 679 454 739 relicta.
496 697 567 738 nam
589 676 621 736 id
644 677 670 736 si
693 675 732 735 ad
754 669 888 754 μωλύτης
910 677 1071 737 rettuleris
1094 694 1169 736 nova

153 777 288 836 exoritur
323 780 459 854 potestas
495 775 587 835 huius
621 773 763 836 vocabuli
795 772 959 834 derivanda
992 791 1011 832 a
1045 767 1170 852 μωλύειν

153 865 367 956 (‘debilitare’)
384 906 425 915 -
445 892 506 951 qua
525 875 649 949 accepta
665 891 700 930 ex
714 871 881 932 Herodiani
898 872 1007 949 regula
1020 891 1051 947 p.
1069 873 1109 931 77
1113 917 1120 948 ,
1133 873 1169 930 14

153 970 255 1031 Lenta.
274 971 387 1032 rectius
409 964 543 1050 μωλύτης
561 969 711 1029 scribetur
725 972 814 1030 -et
831 968 1053 1047 perstringitur
1067 966 1170 1028 Clean-

153 1069 231 1147 thes,
255 1068 337 1147 quod
358 1068 484 1130 Homeri
507 1067 698 1145 aliorumque
720 1070 882 1144 poetarum
904 1066 1045 1144 egregios
1069 1083 1171 1127 versus

155 1167 319 1245 allegorice
350 1167 569 1243 interpretetus
601 1165 750 1242 infringat
782 1155 866 1246 (ride
899 1165 1072 1242 fragmenta
1104 1163 1173 1222 libri

156 1259 294 1340 περὶτοῦ
311 1266 436 1341 ποιητοῦ
454 1264 486 1322 in
504 1282 572 1322 mea
590 1266 748 1324 comment.
785 1262 822 1322 de
842 1262 959 1322 Zenone
979 1266 1010 1323 et
1028 1259 1176 1322 Cleanthe

156 1360 172 1418 Ι
194 1381 223 1437 p.
250 1363 290 1420 17
316 1364 347 1420 et
368 1359 441 1420 ibid.
464 1361 500 1420 fr.
526 1363 544 1422 9
568 1381 597 1437 p.
623 1351 689 1441 16).
735 1361 892 1438 eleganter
918 1359 1009 1420 simul
1037 1363 1173 1436 respecta

157 1456 292 1516 eiusdem
316 1457 515 1535 explicatione
533 1457 711 1518 Homericae
730 1459 813 1520 vocis
832 1460 914 1536 μῶλυ
940 1475 1001 1536 qua
1019 1457 1175 1518 contendit

157 1554 209 1614 ille
228 1548 428 1635 σἰλλημορικῶς
451 1555 617 1634 δηλοῦσθαι
640 1549 803 1635 τὸνλόγον
826 1548 866 1615 δι’
892 1543 929 1616 οὗ
953 1546 1124 1632 μωλύοντσι
1147 1554 1177 1614 αἱ

157 1643 244 1731 ὁρμαὶ
267 1645 374 1712 καὶτὰ
396 1645 482 1730 πύθη
511 1645 563 1734 (cf.
587 1652 727 1728 Apollon.
756 1653 812 1711 lex.
836 1650 957 1711 Homer.
981 1672 1009 1711 v.
1034 1655 1119 1730 μῶλυ
1147 1657 1175 1712 et

157 1750 227 1811 vide
256 1750 474 1828 Sengebuschii
501 1749 571 1809 dise.
597 1748 718 1808 Homer.
742 1750 758 1808 I
780 1771 809 1826 p.
835 1742 891 1831 67)
924 1749 1055 1810 fortasse
1083 1750 1176 1810 etiam

157 1852 284 1909 notatur
306 1847 481 1925 Cleanthes,
515 1847 596 1925 quod
623 1847 662 1906 ad
687 1848 802 1924 placita
830 1865 885 1906 sua
913 1847 1090 1923 exponenda
1115 1865 1176 1907 car·

159 1947 242 2005 mina
268 1944 417 2023 condidit,
444 1945 476 2004 in
504 1944 614 2022 quibus
641 1945 753 2003 mirum
781 1947 930 2023 quantum
952 1949 1051 2004 metra
1076 1962 1177 2004 conn-

156 2043 246 2119 perit.
294 2043 341 2102 sin
365 2045 469 2102 autem
490 2043 573 2103 vocis
597 2036 730 2120 μωλύτης
754 2043 851 2101 altera
874 2041 1095 2120 significatione
1119 2062 1177 2103 ser·

156 2145 233 2201 ‘vata
256 2141 294 2200 ad
312 2134 527 2212 λύθοςἍσσιος
545 2138 638 2201 verba
656 2142 792 2215 spectare
812 2139 922 2199 statuis
939 2135 1043 2217 ἐπέων,
1066 2140 1179 2200 iterum

159 2237 268 2298 horum
282 2240 410 2299 alteram
423 2238 586 2317 perspicies
600 2237 865 2317 significationem
882 2236 960 2314 lapis
976 2237 1057 2296 enim
1070 2237 1179 2298 Assius

160 2337 221 2397 fuit
244 2337 419 2398 notissimus
443 2329 633 2416 σαρκοφάγος
653 2335 765 2413 quippe
784 2336 816 2394 in
836 2355 895 2413 quo
915 2334 1054 2395 conditae
1074 2355 1180 2396 carnes

160 2435 299 2495 celeriter
317 2435 560 2495 absumerentur:
579 2434 615 2492 cf.
635 2432 712 2491 Plin.
729 2432 798 2492 hist.
814 2436 874 2493 nat.
889 2432 1017 2492 XXXVI
1033 2436 1085 2510 17,
1104 2437 1181 2510 131;

161 2532 305 2608 Stephan.
328 2531 399 2607 Byr.
423 2551 450 2591 v.
468 2524 574 2600 ’Ἀσσος
597 2521 680 2610 (inde
704 2530 809 2609 igitur,
832 2534 869 2590 ut
890 2531 947 2590 hoc
971 2530 1093 2610 addam,
1118 2551 1181 2592 rec·

161 2629 224 2687 tius
248 2645 340 2703 qnam
364 2626 507 2686 Straboni
525 2626 600 2686 XIII
622 2648 650 2703 p.
672 2626 767 2687 6100
791 2631 823 2688 et
847 2627 999 2704 Stephano
1022 2628 1043 2685 1.
1063 2646 1086 2687 s.
1113 2647 1181 2689 con·

161 2725 235 2802 tigit
256 2723 417 2802 intelleges
440 2724 541 2784 iocum
565 2725 730 2785 stratonici
752 2725 937 2804 citharistae,
963 2725 1016 2803 qui
1040 2725 1183 2788 similiter

163 2826 256 2900 atque
279 2822 312 2881 in
335 2819 474 2882 Caunum
498 2822 605 2883 urbem
632 2826 710 2884 teste
735 2823 889 2899 Stephano
911 2844 939 2884 v.
964 2825 1088 2896 Κούνος
1116 2845 1181 2887 ver·

163 2940 231 2982 sum
252 2920 447 2981 Homericum
470 2924 495 2980 Z
519 2923 582 2982 146
607 2921 639 2980 in
661 2921 774 2980 Assum
796 2920 903 2980 urbem
924 2919 1051 2979 Homeri
1071 2923 1098 2978 Z
1120 2924 1180 2982 143

159 3025 194 3082 et
217 3023 245 3079 Y
259 3022 322 3078 429
343 3019 435 3080 verba
449 3012 561 3079 ’Ἀσσον
580 3012 625 3078 ἴθ’
648 3013 688 3091 ὥς
705 3037 757 3078 κεν
775 3019 892 3077 θᾶσσον
910 3010 1039 3096 ὀλέθρου
1057 3011 1179 3097 πείραθ’

163 3117 245 3195 ἴιιηοιι
273 3108 414 3198 detorsit)
439 3163 445 3175 .
469 3116 598 3176 similem
629 3134 700 3176 vero
729 3115 792 3176 vim
820 3118 912 3192 atque
941 3115 1122 3194 sarcophagi
1151 3116 1182 3174 in

164 3214 319 3291 cadavera,
337 3214 370 3272 in
389 3211 444 3292 ἔπη
464 3214 598 3274 exercuit
616 3211 776 3273 Cleanthes
796 3212 913 3272 duabus
931 3212 994 3272 illis
1012 3213 1182 3272 rationibus

163 3329 241 3388 quas
265 3329 357 3388 snpra
381 3312 513 3388 exposui.
550 3314 707 3388 praeterea
729 3311 830 3370 nescio
855 3328 893 3369 an
911 3311 1045 3388 maligne
1067 3315 1182 3388 etymo·

164 3407 265 3486 logica
297 3427 417 3486 qnoque
450 3409 551 3469 studia
579 3406 734 3468 Cleanthis
768 3400 824 3490 (de
857 3409 966 3486 quibus
999 3409 1068 3469 vide
1097 3409 1182 3467 Varr.

165 3506 203 3565 de
225 3506 298 3588 ling.
321 3508 374 3567 lat.
398 3506 427 3565 V
448 3511 465 3567 9
491 3511 522 3568 et
545 3506 708 3585 specimina
732 3507 881 3585 quaedam
903 3507 939 3566 fr.
960 3508 978 3566 ὅ
1002 3498 1110 3589 et18)
1134 3525 1182 3583 pe·
