2454 3840
58 109 297 190 ua.xvmr—xx
341 143 345 154 .
449 161 491 171 -
539 125 601 190 121
649 161 691 170 -

61 287 147 360 δείξει
174 297 212 348 ’σε
240 289 279 372 τῷ
308 280 440 370 δακτύλῳ
469 276 567 360 (οὗτος
590 282 712 360 ἐκεῖνος’
736 284 838 368 λέγων.
883 289 1079 366 vituperatur

58 404 132 447 vero
151 386 325 446 Arcesilaus
350 404 410 446 non
430 386 512 464 quod
531 387 645 462 populo
663 385 781 462 placuit
800 385 853 444 sed
872 386 953 464 quod
971 405 1078 446 auram

58 484 239 561 popularem
262 483 410 560 captavit3
434 502 503 542 cum
525 483 621 560 igitur
639 482 775 542 studium
794 486 825 542 et
842 482 965 544 habitus
984 485 1077 563 signi-

60 581 203 659 ficentur,
241 601 302 642 uon
334 573 463 658 simplex
494 579 587 657 actio,
625 573 816 659 ὀχλοάρεσκος
847 582 1078 658 praeferendum

60 678 143 757 duxi,
169 677 251 756 quod
273 679 439 738 formatum
461 680 498 737 ut
521 665 783 756 ἆνθρωπύρεσκοξ,
807 671 985 754 αύτύρεσκος
1008 681 1078 759 alia,

60 776 97 835 de
118 776 228 855 quibus
243 776 320 836 dixit
332 775 502 836 Lobeckius
517 774 556 834 ad
569 774 729 853 Phrynich.
743 796 773 852 p.
789 777 850 835 621
867 767 1078 856 (ὄχλοαρίσκης

60 875 125 934 sine
156 876 293 950 exemplo
321 877 368 933 est
394 873 426 932 in
453 873 501 932 his
528 865 727 954 compositis).
777 872 910 932 indidem
938 873 1078 951 efficitur,

60 971 154 1033 verba
177 965 226 1032 ὁθ.
249 964 308 1049 ὀχλ.
333 971 372 1030 ad
397 970 610 1047 praecedentia
636 970 794 1030 referenda
816 988 881 1030 esse
905 963 952 1052 (in
974 989 1077 1048 proec-

61 1068 128 1128 dosi
155 1067 264 1128 rettuli
287 1067 325 1126 ad
347 1060 521 1148 πλατύνεαι)
550 1072 581 1128 et
604 1060 766 1130 ὁθούνεκεν
791 1086 914 1128 causam
936 1067 1078 1128 indicare.

61 1198 106 1208 -
131 1164 261 1242 denique
286 1164 316 1224 τί
335 1159 494 1225 πλατύνεαι
516 1170 631 1226 vertas:
659 1159 745 1242 ‘quid
767 1169 799 1225 te
821 1160 948 1227 iactas?
972 1183 1078 1227 verna·

61 1264 133 1323 cula
155 1263 262 1340 lingua
281 1263 372 1339 plane
391 1263 532 1322 similiter
548 1265 703 1342 loquimur
721 1259 794 1324 ‘was
813 1265 931 1325 machst
949 1264 991 1324 du
1010 1263 1080 1322 dich
1197 1305 1200 1318 .

61 1355 174 1420 breis?
198 1363 245 1420 est
268 1378 339 1420 sane
362 1361 436 1420 haec
459 1365 572 1422 novata
595 1361 790 1440 significatio,
815 1362 867 1421 sed
889 1361 1019 1421 recurrit
1041 1361 1078 1422 fr.

63 1457 149 1516 XXV
167 1459 199 1516 in
217 1451 392 1536 πλατοσμός.
430 1461 569 1518 econtra
592 1458 674 1536 quod
696 1459 795 1520 voluit
817 1458 914 1518 inesse
932 1457 1079 1517 Wilamo-

62 1555 182 1614 witzius
205 1576 234 1631 p.
256 1557 296 1615 76
323 1549 479 1624 ‘Wcshalb
502 1554 615 1614 bleibst
636 1554 679 1614 du
701 1549 909 1615 Platonikerl'
932 1555 1078 1614 hocloco

63 1653 154 1729 plane
178 1672 239 1712 non
262 1653 407 1731 quadrat,
435 1653 480 1712 ita
506 1655 544 1712 ut
570 1671 607 1711 ne
634 1671 689 1728 per
716 1650 933 1729 amphiboliam
957 1651 1079 1729 quidem

63 1751 142 1808 hanc
165 1750 321 1810 notionem
344 1748 467 1810 subesse
490 1747 675 1808 crediderim.

465 1957 679 1968 ——

498 2109 645 2170 xvima

32 2293 34 2296 .
132 2234 305 2293 Laertius
324 2234 426 2313 Diog.
445 2235 489 2294 IX
508 2237 569 2296 115
594 2228 675 2313 ὅμως
696 2227 921 2314 καθαπτόμενος
940 2227 1078 2317 (Timon)

61 2323 253 2411 Ἀρκεσιλάου
270 2328 302 2392 ἐν
315 2335 375 2404 τοῖς
389 2331 525 2404 σίλλοις
539 2326 681 2412 ἐπῄνεσεν
694 2323 785 2391 αύτὸν
798 2332 838 2413 τῷ
852 2327 1079 2415 ἐπιγραφομένῳ

61 2419 253 2510 Ἀρκεσιλάου
276 2429 464 2514 περιδείπνῳ.

546 2714 602 2772 XX

111 2828 203 2915 ὄφρα
226 2825 417 2895 πενεστύων
440 2827 586 2914 σύναγεν
610 2830 723 2915 νέφος,
748 2834 783 2897 οἳ
803 2829 878 2915 περὶ
900 2827 1035 2896 πάντων

110 2933 319 3020 πτωχότατοί
339 2930 368 2999 τ’
394 2923 481 3019 ἦσαν
503 2934 559 3001 καί
582 2935 785 3020 κουφότατοι
808 2934 924 3022 βροτοί

653 3038 799 3128 ἀνδρῶν.

351 3225 473 3275 nouum
495 3197 659 3268 pareamus
682 3223 800 3268 versvs

64 3325 96 3378 in
116 3341 141 3379 v.
164 3324 238 3380 1213
257 3328 308 3379 831
328 3323 364 3382 al.
384 3324 449 3396 περὶ
466 3323 583 3380 πάντων
602 3323 711 3392 (eadem
730 3340 827 3378 versus
846 3323 921 3392 sede)
1025 3323 1026 3326 ’

137 3510 221 3552 cusu.
245 3493 416 3555 Laertius
435 3495 502 3555 Dio
509 3512 537 3570 g.
551 3490 612 3548 VH
627 3493 667 3552 16
685 3479 762 3568 ἦσαν
779 3488 846 3570 περὶ
864 3459 955 3551 αύτὸν
974 3481 1081 3571 (Zeno-
