2452 3832
78 119 161 162 rav
483 133 525 140 -
572 95 614 159 99
662 132 703 140 .-

83 259 161 319 cinio
192 262 256 318 tam
286 259 405 338 egregie
435 260 595 320 defimctus
624 262 682 336 est,
714 263 751 319 ut
777 259 815 318 ab
843 257 1009 321 Aristotele
1038 253 1099 342 (ap.

81 357 162 417 Sext.
176 356 263 434 Ilmp.
283 357 350 418 adv.
366 357 465 436 dogm.
480 358 496 416 I
513 361 545 434 73
564 357 664 424 Laert.
679 357 755 416 VIII
770 359 825 434 573
843 357 887 416 IX
901 349 960 440 25)
980 358 1101 420 audiret

79 447 210 533 ἀρχηγὸς
229 454 414 532 dialecticae,
438 455 520 531 apud
539 453 688 514 Galenum
706 455 776 514 hist.
794 455 868 531 phil.
886 457 904 515 3
925 446 969 536 (p.
985 459 1058 535 601,
1079 459 1097 518 8

78 543 189 634 Diels.)
212 549 362 632 ἐριστικῆς.
399 553 477 612 hanc
499 551 597 630 igitur
616 545 783 632 ἐλεγκτικὴν
802 549 851 611 καλ
870 545 909 611 δι’
931 546 1097 634 νἰνιιλογέας

77 649 309 711 κατακλείουσαν
323 649 364 722 εἰς
377 643 507 729 ἆπορίαν
521 645 582 722 ἕξιν
598 641 649 730 (ut
660 649 708 712 ,ait
721 649 905 710 Plutarchus
919 650 940 710 l.
951 667 973 710 s,
985 643 1023 732 a.)
1039 670 1100 728 qua

78 766 153 808 usus
181 746 299 808 solebat
326 748 414 825 quasi
441 748 473 806 in
500 751 805 825 utramquepartem
829 746 986 824 disputare
1009 747 1098 809 deno·

77 845 159 907 tavit
192 845 300 905 Timon
331 845 424 905 verbo
455 848 567 907 novato
600 835 888 924 ἆμφοτερόγλωσσος.
935 845 1032 904 altera
1064 861 1100 912 ex

76 947 166 1020 parto
198 943 372 1003 testimonio
404 941 581 1003 Aristotelis
614 945 734 1002 constat
765 941 797 1001 in
830 941 942 1018 scripto
971 942 1099 1006 Zenonis

78 1041 224 1119 quodam,
253 1041 315 1101 sive
345 1059 442 1100 unum
470 1041 569 1100 solum
596 1039 718 1116 scripsit
745 1040 809 1100 sive
836 1038 896 1098 duo
923 1039 973 1100 vel
999 1039 1099 1118 plura,

70 1137 329 1215 disceptationem
347 1157 402 1215 per
419 1137 694 1216 interrogationum
712 1139 744 1196 et
756 1153 969 1212 responsorum
982 1134 1098 1195 vicissi-

78 1235 200 1296 tudines
223 1236 403 1312 productam
424 1253 502 1295 esse:
524 1235 605 1294 unde
622 1233 746 1295 videtur
763 1234 878 1294 factum
897 1250 961 1292 esse
978 1235 1016 1293 ut
1033 1232 1098 1309 ipse

81 1334 223 1395 inventor
245 1333 360 1412 dialogi
383 1351 402 1392 a
425 1332 607 1411 quibusdam
630 1332 712 1409 apud
729 1330 885 1392 Laertium
904 1331 1012 1390 11147
1031 1349 1098 1406 per·

76 1430 234 1491 biberetur
265 1421 316 1512 (of.
338 1431 519 1492 Sintenisius
545 1431 584 1490 ad
605 1429 687 1489 Plut.
705 1428 812 1488 Pericl.
830 1448 859 1504 p.
881 1431 936 1505 743
963 1427 1098 1505 Rossius,

78 1546 183 1588 comm.
194 1529 294 1589 Laert.
308 1550 337 1606 p.
354 1532 415 1590 192
432 1520 499 1610 sq).
531 1529 605 1587 utut
619 1530 673 1604 est,
688 1518 967 1604 ἆμφοτερόγλωσσος
981 1527 1099 1601 spectat

77 1627 171 1686 otiam
196 1627 235 1686 ad
258 1626 449 1704 scriptorem,
478 1625 531 1702 qui
555 1623 711 1684 ambarum
734 1639 932 1699 personarum
955 1639 1030 1699 quas
1053 1621 1096 1681 lo·

79 1727 211 1802 quantes
225 1724 300 1783 facit
319 1743 455 1783 sermone
473 1721 575 1782 utitur
592 1722 649 1799 vel,
668 1723 705 1779 ut
723 1737 792 1780 cum
806 1718 958 1796 Appuleio
978 1717 1096 1796 apolog.

77 1823 97 1880 4
117 1842 145 1898 p.
167 1825 195 1899 7,
212 1823 230 1880 8
250 1821 364 1899 Krueg.
388 1820 506 1898 loquar,
532 1817 585 1896 qui
609 1811 734 1892 ‘pronos
756 1819 885 1877 ονιαιλανο
903 1817 1096 1876 sollertmsimc

78 1920 204 1992 artificio
228 1910 401 1999 (orationem
425 1914 475 1976 hio
499 1906 607 1997 addas)
631 1916 822 1987 ambifariam
844 1907 993 1974 dissolbit.

144 2015 260 2076 Deinde
283 2009 405 2076 πάντων
428 2009 592 2092 έιιιλήιιιαρ
616 2012 728 2073 dicitur
752 2013 844 2090 Zeno,
868 2029 937 2070 cum
960 2010 992 2069 id
1015 2012 1097 2090 quod

74 2114 169 2192 vulgo
184 2131 286 2173 omnes
300 2112 565 2189 persuasissimum
578 2110 699 2189 habent,
716 2111 829 2170 multas
844 2127 910 2170 esse
923 2127 970 2170 res
985 2125 1095 2187 easque

73 2209 203 2287 moveri,
227 2209 368 2268 acerrime
392 2209 627 2287 impugnaverit.

143 2307 259 2366 Rursus
292 2303 365 2385 μέγα
395 2303 504 2378 σθένος
532 2299 588 2366 οὐκ
615 2297 791 2365 ἀλαπαδνόν
818 2322 880 2362 non
907 2303 971 2362 sino
998 2303 1097 2362 ironia

72 2407 259 2482 usurpatum
282 2408 337 2482 est,
362 2421 439 2482 quae
459 2405 508 2465 vel
527 2403 558 2462 in
581 2421 615 2462 eo
634 2404 712 2462 latet
730 2400 812 2479 quod
830 2400 912 2477 apud
930 2400 1096 2460 Homerum

79 2499 188 2574 σθένος
211 2495 267 2562 οὐκ
285 2494 330 2561 ιἰλ.
368 2501 466 2561 solum
490 2501 526 2561 de
549 2499 717 2560 bestiarum
740 2530 782 2540 -
807 2517 951 2576 aprorum
974 2502 1005 2558 et
1027 2500 1095 2557 tau·

77 2617 182 2659 rorum
206 2629 247 2638 —
272 2616 396 2674 corpore
425 2596 551 2658 robusto
579 2598 703 2674 dicitur3
732 2614 803 2656 nam
826 2598 947 2656 constat
968 2595 1044 2655 mihi
1070 2597 1095 2656 Θ

76 2697 142 2756 465
168 2688 236 2776 (ubi
258 2696 339 2754 male
361 2714 441 2754 nunc
465 2693 573 2768 σθένος
596 2690 650 2757 οὐκ
673 2687 848 2756 ἀλαπαδνόν
871 2694 909 2753 ad
927 2694 1031 2756 Iovem
1048 2713 1095 2753 re-

73 2794 174 2854 latum
196 2784 326 2873 legitur)
349 2792 465 2868 pariter
488 2811 523 2852 ao
544 2794 570 2853 Θ
590 2796 631 2854 32
652 2791 834 2868 scripturam
857 2795 907 2852 σθ.
932 2785 997 2852 οὐκ
1020 2788 1094 2852 ένοι-

73 2883 194 2951 εικτόν
227 2892 258 2949 et
286 2887 458 2966 antiquitus
485 2885 632 2949 traditam
660 2891 691 2948 et
718 2904 821 2948 veram
844 2905 917 2946 esse.
962 2887 1095 2963 primum

71 3005 145 3050 uero
160 2979 274 3066 εὖμιῇκη
290 2985 439 3046 Zenonem
453 2984 546 3044 fuisse
560 2985 649 3046 Plato
664 2985 801 3045 Parmen.
811 3004 840 3060 p.
852 2977 936 3042 127B
953 2986 1093 3045 testatur.

73 3085 144 3146 dein
167 3104 222 3162 per
239 3082 434 3144 memorabile
458 3084 505 3143 est
527 3083 609 3159 quod
623 3075 662 3142 ,τὸ
686 3084 737 3142 τοῦ
756 3078 967 3158 Χαλκηδονέον
986 3075 1095 3154 σθένος

71 3182 162 3244 Plato
181 3182 289 3245 festive
308 3181 341 3240 in
358 3200 391 3241 re
410 3179 565 3240 simillima
584 3178 724 3239 adhibuit
741 3178 867 3240 Phaedr.
887 3198 916 3254 p.
932 3171 1015 3238 267⁰
1033 3172 1094 3238 scio

72 3299 106 3360 γε
135 3273 194 3359 palo
217 3272 398 3360 οἰκνρογόων
420 3274 468 3340 dal
490 3279 583 3358 γῆρας
605 3272 656 3337 καλ
677 3276 784 3338 πενίαν
807 3273 972 3354 ἑλκομένων
995 3269 1094 3355 λόγων

70 3374 281 3458 κεκρατηκέναι
299 3373 384 3459 τέχνῃ
404 3399 454 3456 μοι
472 3374 608 3453 φαίνεται
625 3368 657 3436 τὸ
675 3377 728 3436 τοῦ
743 3373 954 3454 Χαλκηδονέον
974 3369 1092 3448 σθένος,

73 3468 191 3556 ὅργέσαι
217 3495 246 3537 τε
270 3463 309 3538 αὖ
333 3468 459 3548 πολλοὺς
481 3469 502 3536 dc'
524 3465 646 3556 Qud
753 3502 758 3524 ι
786 3468 908 3554 γέγονεν
931 3467 987 3530 καλ
1006 3463 1101 3526 πέλω

298 3610 536 3664 armassemus
566 3597 723 3654 eclesias
854 3573 899 3625 *l*

292 3700 342 3752 OF
370 3701 544 3752 lli‘iClUl's'
569 3689 743 3750 'euersas

442 3793 518 3832 w·-
560 3792 576 3812 Ἴ
588 3796 607 3832 e
