2452 3832
474 135 694 200 ...47-

75 319 138 379 qua
157 300 193 360 de
212 319 244 359 re
263 302 426 378 postquam
445 299 552 358 effudit
571 301 723 376 querelas,
747 298 856 375 quibus
875 303 963 360 cavet
982 299 1090 358 Timon

72 417 111 458 ne
140 398 216 481 quis
235 401 326 475 putet
352 395 581 473 Xenophanem,
613 397 667 472 qui
694 396 732 470 ab
759 395 825 472 ipso
854 397 958 457 statim
982 391 1088 457 ¹omnes

71 501 194 574 praeter
220 495 407 573 Pyrrhonem
433 493 629 570 philosophos
656 493 876 570 reprehendens
905 493 1088 571 depingitur,

71 592 223 671 Pyrrhoni
245 609 465 670 usquequaque
487 609 592 667 parem
615 595 693 668 esse,
716 591 777 650 iam
799 591 906 651 Timon
929 611 999 651 eum
1021 596 1088 651 tan·

73 709 165 769 quam
189 689 337 749 Tiresiam
364 681 530 770 alterum¹)
558 689 596 747 de
624 688 753 766 singulis
779 689 967 766 philosophis
994 689 1087 750 inter-

70 792 162 867 rogat
188 786 449 864 Xenophanesque
481 785 644 861 respondet
676 803 778 845 omnes
810 786 957 846 aculeatis
987 786 1087 846 verbis

70 885 315 964 perstringendo,
344 903 403 961 quo
431 901 556 942 munere
578 886 615 943 ut
637 883 840 961 perfungatur
862 883 968 943 multis
991 884 1086 943 nomi·
1185 897 1186 902 ¹

69 983 160 1043 nibus
182 981 364 1060 peridoneus
384 981 502 1040 Timoni
525 981 608 1042 uisus
629 984 687 1040 ssa
704 975 781 1040 'non
804 982 903 1040 solum
926 981 1008 1040 enim
1026 981 1086 1040 fuit

70 1082 122 1141 ille
136 1098 215 1140 unus
235 1099 271 1139 ex
290 1078 509 1156 antiquissimis
526 1077 724 1156 philosophis,
744 1078 797 1156 qui
818 1078 931 1154 optime
950 1078 1086 1154 potuerit

69 1178 208 1257 cognitos
236 1176 347 1236 hebere
371 1177 505 1235 omnium
531 1176 780 1253 philosophorum
807 1176 906 1236 mores
934 1175 1085 1236 doctrinas

69 1277 163 1339 vitas.
175 1294 210 1334 ex
234 1275 379 1335 diuturna
401 1293 471 1334 cum
490 1275 532 1334 eis
555 1274 588 1332 in
607 1273 683 1334 Oreo
703 1274 929 1351 consuetudine,
952 1275 1005 1333 sed
1023 1273 1085 1332 iam

70 1377 144 1436 dum
165 1373 246 1432 inter
259 1363 353 1434 sivos
370 1373 424 1432 'est
447 1367 631 1448 ‘increpavit
656 1381 761 1430 eorum
784 1371 1002 1449 arrogantiam,
1031 1369 1085 1447 qui

68 1490 138 1531 cum
157 1469 227 1530 sciri
244 1469 321 1528 nihil
338 1473 452 1546 posset·
465 1470 611 1528 auderent
635 1487 666 1528 se
690 1468 765 1528 scire
789 1461 949 1550 dicere'¹),
969 1469 1083 1544 etipse

67 1558 265 1647 σιλλογρᾶφος
281 1567 511 1644 'praecipueque
530 1557 737 1644 Ὁμηραπάτης
762 1559 927 1643 ἐπικόπτης.

136 1663 236 1724 liuius
259 1664 356 1742 igitur
379 1663 523 1740 colloquii
537 1666 618 1722 sunt
640 1680 758 1738 versae,
785 1662 895 1739 quibus
920 1663 1023 1740 agitur
1046 1662 1082 1721 de

67 1763 225 1822 Heraclito
233 1753 278 1843 (t)
302 1752 353 1842 (fr.
364 1759 520 1820 XXXXVi
538 1759 619 1836 quod
633 1759 763 1818 secundo
782 1758 859 1817 libro
879 1751 1082 1840 adsignatur),

69 1861 107 1921 de
121 1859 304 1937 Anaxagora
319 1848 369 1939 (fr.
379 1848 575 1937 XXXXVII),
593 1855 630 1914 de
644 1855 812 1932 Protagora
827 1845 877 1935 (fr.
887 1855 1082 1933 XXXXVPH,

143 2092 168 2157 1)
196 2086 309 2156 Optime
336 2103 399 2140 cum
422 2082 530 2140 Tiresia
552 2085 754 2156 Xenophanem
777 2086 897 2142 contulit
921 2086 987 2142 Otto
1011 2086 1080 2142 Iahn

64 2169 162 2224 Herm.
176 2167 232 2222 volss
246 2167 272 2218 ΙΙ
286 2183 313 2234 p.
329 2171 391 2229 2363
412 2163 504 2219 minus
522 2165 594 2219 bene
613 2164 692 2220 addit
710 2165 792 2221 haec:
816 2165 895 2220 ‘Man
912 2167 988 2225 kann
1006 2169 1080 2222 noch

65 2246 248 2314 hincufr‘igen,
263 2244 327 2299 dass
340 2243 527 2314 Xenophanes
541 2245 691 2314 Rhapsode
705 2263 764 2300 war
779 2286 801 2300 ..
815 2285 820 2300 .
845 2244 884 2298 Er
898 2245 987 2300 selbst
999 2246 1080 2301 hatte

61 2331 96 2400 ja
110 2323 287 2381 umfass'ende
302 2323 414 2393 epische
428 2323 564 2380 Gediohte
578 2324 758 2394 geschrieben
768 2325 939 2393 Κολοφῶνος
953 2325 1049 2392 κτίσις,
1064 2319 1079 2379 ὁ

66 2409 109 2470 εἰς
125 2401 226 2460 Ἐλέαν
244 2399 426 2474 tuicitanae
445 2398 623 2474 ἄποικισμός,
641 2402 698 2458 und
717 2420 746 2459 es
765 2401 894 2458 verdient
906 2401 1080 2472 Beachtung,

66 2488 132 2541 dass
158 2502 188 2540 er
210 2501 275 2541 vom
293 2483 454 2540 Handwerls
477 2485 526 2539 des
545 2483 674 2538 Dichters
697 2483 754 2538 und
772 2481 942 2551 Rhapsoden
965 2497 1014 2535 ans
1033 2500 1081 2536 zur

67 2563 249 2634 Philosophia
276 2563 422 2634 dherging.
459 2565 552 2620 Wenn
579 2581 609 2619 es
637 2562 727 2618 heisst
750 2561 843 2632 (Diog.
863 2561 901 2616 IX
922 2567 965 2631 18)
994 2557 1081 2624 αὐτὸς

65 2641 230 2717 ἐρραψῴδει
247 2641 283 2699 τὰ
298 2640 412 2712 ἑαυτοῦ,
431 2661 462 2700 so
477 2645 541 2714 sagt
554 2644 603 2699 das
616 2642 693 2699 wohl
710 2643 798 2712 nicht,
817 2643 882 2697 dass
902 2659 932 2697 er
951 2641 1011 2697 sich
1031 2642 1082 2697 auf

64 2726 123 2779 den
140 2722 263 2794 Vortrag
281 2724 372 2778 seiner
390 2724 509 2794 eigenen
528 2721 665 2779 Gedichte
684 2721 882 2788 beschrankte3
903 2723 979 2776 seine
997 2719 1079 2777 Pole-

65 2802 125 2858 mik
143 2802 309 2858 wurdenur
326 2802 466 2872 pilanter,
484 2819 567 2864 wenn
585 2803 626 2856 sie
644 2803 697 2857 mit
715 2802 765 2858 der
782 2801 944 2856 Recitation
962 2802 1011 2856 der
1030 2817 1078 2855 an-

63 2881 237 2955 gegriffenen
253 2881 370 2936 Dichter
388 2882 418 2936 in
432 2881 614 2952 Verhindung
632 2883 740 2951 gesetzt
757 2896 815 2934 war
833 2883 895 2949 (ll).
920 2879 978 2934 Das
992 2880 1078 2935 Wan-

62 2961 213 3030 derleben‚
242 2960 291 3016 das
319 2961 368 3014 ihn
387 3003 394 3016 .
415 3003 421 3016 .
442 2960 614 3030 ‚Jahrelang
637 2961 723 3014 durch
746 2959 944 3014 verschiedene
968 2959 1078 3014 handen

63 3040 147 3110 trieb,
161 3058 219 3096 war
232 3041 309 3096 wohl
322 3041 371 3094 das
381 3039 475 3094 Leben
489 3040 538 3093 des
552 3037 706 3095 fahrenden
715 3039 886 3109 Rhapsoden
896 3040 957 3107 (ll).
977 3039 1077 3093 Jeden·

61 3121 129 3176 falls
142 3137 201 3175 war
215 3121 261 3174 die
274 3120 404 3175 Person
422 3118 698 3188 desRhapsoden
716 3117 762 3172 die
781 3117 1014 3186 geeignetste,
1032 3117 1077 3172 ihr
1185 3149 1186 3152 =

62 3200 111 3254 die
129 3199 348 3256 verschiedenen
361 3198 580 3268 Mittheilungen
598 3198 628 3251 in
643 3199 697 3253 den
710 3197 797 3252 Mund
816 3215 850 3251 zu
869 3197 973 3266 legen’.
1003 3213 1076 3266 quae

62 3283 97 3336 ut
114 3296 217 3350 magna
238 3296 272 3335 ex
289 3283 369 3349 parte
387 3295 439 3349 per
454 3295 483 3332 se
497 3276 695 3348 improbabilia
712 3277 851 3346 videntur,
869 3275 910 3329 ita
927 3277 1012 3346 plane
1031 3292 1076 3330 me

62 3360 149 3429 fugit,
178 3359 245 3428 quid
268 3358 375 3413 faciant
397 3357 434 3412 ad
456 3374 616 3427 personam,
645 3374 743 3430 quam-
753 3357 827 3426 apud
852 3348 998 3411 Timone'm
1016 3355 1076 3426 agit

61 3439 260 3508 Xenophanes,
281 3437 483 3509 explicandam.

134 3521 162 3588 2)
182 3517 222 3573 Cf.
242 3517 312 3587 Cia,
332 3519 409 3574 acad.
426 3534 472 3588 pr.
492 3515 519 3570 Il
537 3521 582 3591 25,
601 3521 646 3575 ld.
