2438 3832
56 139 109 179 σω.
121 138 299 222 μαι-ταντα
444 150 486 158 -
534 112 597 176 179
644 150 685 156 —

517 361 618 422 LVIII

106 479 329 568 γραμματική,
352 482 410 566 τής
433 477 475 547 οὔ
498 503 547 557 τις
569 477 742 565 άνασκοπή
768 475 842 546 οὐδ’
869 477 1058 568 ὰνάθρησις

107 581 207 672 άνδρί
232 585 462 674 διδασκομένφ
490 581 667 651 Φοινικικὰ
691 583 820 670 σήματα
844 584 998 671 Κάδμον.

130 805 216 847 σεεν.
237 786 508 862 SextusEmpir.
519 786 585 846 adv.
595 786 886 863 mathemIbIsqq.
897 779 1009 846 οὐκοῦν
1019 791 1077 847 τῶν

60 878 287 965 χρησιμωτάτων
305 877 324 962 ή
342 877 570 963 γραμματιστική
592 874 685 963 (quae
706 883 739 942 in
757 884 930 943 litterarum
948 884 1077 942 elemen-

59 983 104 1042 tis
126 974 383 1062 versatur).
411 980 504 1040 καίτοι
534 973 618 1051 δόξαι
640 975 679 1040 άν
700 996 775 1039 τισιν
798 977 846 1039 ἐπί
868 982 920 1056 τῆς
943 977 1077 1052 ἐναντίας

62 1071 140 1140 εἶναι
167 1071 345 1157 προλήψεως
368 1069 384 1136 ὁ
407 1069 562 1155 προφήτης
586 1079 645 1136 τῶν
668 1069 833 1154 Πύρρωνος
856 1069 952 1156 λόγων
978 1075 1078 1152 Τίμων
1148 1083 1151 1102 ¹

63 1173 98 1236 έν
116 1168 161 1247 οἷς
175 1189 262 1252 φησι·
288 1166 492 1255 «γραμματική
509 1205 546 1214 -
564 1167 722 1252 Κάδμον».
755 1165 792 1233 οὗ
810 1166 871 1250 μήν
890 1167 983 1245 οὕτως
1002 1171 1078 1251 έχειυ

64 1271 208 1350 φαίνεται.
253 1264 285 1332 τὸ
314 1265 370 1351 γὰρ
392 1263 445 1331 ὑπ’
472 1264 563 1331 αὐτοῦ
590 1261 749 1350 λεγόμενον
777 1263 833 1329 οὰκ
860 1267 918 1329 ἔστι
944 1271 1078 1330 τοιοῦτον

64 1361 131 1428 κατ’
161 1364 252 1447 αὐτῆς
278 1371 330 1445 τῆς
357 1369 615 1448 γραμματιστικής,
635 1361 718 1427 καθ’
749 1359 789 1444 ήυ
817 1359 1015 1426 ’διδάσκεταά
1043 1361 1078 1426 τὰ

64 1460 233 1527 εΦοινικικὰ
248 1460 362 1543 σήματα
376 1458 527 1541 Κάδμου’,
545 1459 576 1525 τὸ
597 1457 731 1541 (οὐδεμία
746 1459 822 1523 ἐστίν
836 1456 989 1542 άνασκοπή
1008 1457 1075 1526 οὐδ’

66 1556 249 1642 άνάθρησις’
266 1605 361 1624 .....
380 1555 452 1621 άλλὰ
472 1565 581 1639 μᾶλλον
599 1555 713 1622 τοιοῦτό
732 1574 818 1637 φησι
843 1553 1026 1638 εδιδαχθέντι
1043 1555 1079 1621 τὰ

67 1653 224 1720 Φοινικικὰ
247 1653 361 1736 σήματα
385 1649 513 1734 Κάδμον
536 1651 676 1734 οὐδεμιᾶς
699 1652 788 1735 άλλης
810 1651 891 1736 παρὰ
913 1650 998 1718 τοῦτο’
1022 1655 1080 1718 ε’στι

66 1759 266 1839 γραμματικῆς
288 1749 450 1833 ἐπιστροφή
456 1749 477 1830 ’,
500 1749 572 1830 ὅπερ
594 1750 785 1832 καταστρέφει
803 1750 858 1820 οὐκ
877 1755 918 1827 είς
935 1748 967 1815 τὰ
991 1748 1080 1833 άχρη-

66 1858 145 1914 στεῖν
167 1847 277 1930 ταύτην
299 1845 353 1930 τήν
377 1849 409 1911 έν
431 1856 491 1923 τοῖς
515 1849 665 1930 στοιχείοις
687 1849 737 1911 καί
759 1855 799 1936 τῷ
823 1846 861 1912 δι’
888 1845 986 1911 αὐτῶν
1008 1846 1080 1931 γρά-

66 1971 137 2026 φειν
159 1969 188 2008 τε
211 1946 261 2008 καί
284 1941 498 2028 ἀναγινώσκειν
526 1945 738 2026 θεωρουμένην
761 1942 834 2008 ἀλλὰ
856 1943 911 2027 τήν
934 1946 1081 2028 πέρπερον

65 2042 117 2106 καὶ
134 2043 362 2125 περιεργοτέραν.
398 2038 418 2122 ή
439 2038 565 2124 μὲνγὰρ
583 2046 643 2104 τῶν
662 2044 811 2123 στοιχείων
834 2047 937 2124 χρήσις
959 2039 1080 2125 ἤπειγεν

67 2141 109 2213 είς
132 2135 187 2220 τήν
208 2145 261 2202 τοῦ
284 2143 353 2222 βίον
372 2135 568 2222 διεξαγωγήν,
590 2134 622 2201 τὸ
641 2137 675 2201 δέ
693 2134 732 2220 μή
752 2135 909 2220 ἀρκεῖσθαι
926 2145 961 2223 τή
980 2140 1012 2202 ἐκ
1030 2146 1082 2219 τῆς

66 2233 296 2316 παρατηρήσεως
322 2232 434 2299 τούτων
462 2231 636 2316 παραδόσει,
664 2232 943 2315 προσεπιδεικνάναι
966 2235 1013 2314 δέ,
1043 2232 1082 2312 ὰς

66 2329 137 2394 τάδε
155 2331 209 2412 μέν
227 2333 285 2395 έστι
300 2330 462 2413 Ιφωνάεντα
479 2338 513 2416 τή
530 2328 628 2411 φάσει,
645 2328 715 2394 τάδε
735 2331 767 2395 δὲ
782 2329 940 2412 σύμφωνα,
959 2333 1082 2395 καὶτῶν

67 2429 248 2507 φωναέντων
265 2426 306 2505 τὰ,
320 2429 373 2510 μὲν
387 2427 475 2510 φάσει
489 2429 613 2512 βραχέα,
631 2425 666 2491 τὰ
686 2428 717 2492 δὲ
732 2426 845 2511 μακρά,
863 2425 898 2491 τὰ
914 2427 946 2491 δὲ
961 2430 1083 2511 δίχρονα

67 2525 118 2588 καί
135 2522 221 2591 κοινὰ
240 2524 353 2609 μήκους
371 2551 400 2590 τε
418 2527 469 2590 καί
488 2533 628 2609 συστολής
646 2527 697 2590 καί
714 2524 849 2590 καθόλου
863 2523 899 2590 τὰ
913 2522 1001 2590 λοιπὰ
1015 2527 1082 2608 περί

69 2614 112 2685 ὧν
139 2625 171 2687 οἱ
195 2623 394 2704 τετυφωμένοι
427 2630 486 2687 τῶν
519 2631 725 2708 γραμματικῶν
753 2621 945 2688 διδάσκουσιν
978 2619 1083 2708 (deest

70 2724 199 2800 aliquid,
222 2726 309 2784 velut
331 2728 415 2785 τοῦτο
439 2718 601 2807 άχρηστεῖ).

140 2871 166 2909 v.
188 2863 202 2911 1
220 2857 271 2925 τῆς
289 2872 342 2911 om.
364 2855 384 2908 O

159 3061 254 3102 οοεωτ.
288 3041 347 3112 Qui
374 3041 547 3102 litterarum
575 3042 725 3102 elementa
747 3037 866 3117 didicit,
896 3038 973 3098 nihil
996 3042 1084 3098 curat

69 3141 300 3217 grammaticam
326 3140 412 3199 illam
439 3140 618 3215 docuinam,
652 3138 684 3196 in
717 3157 777 3215 qua
805 3135 967 3196 excolenda
993 3135 1085 3196 multi

69 3238 195 3298 fuemnt
217 3239 306 3298 stoici
328 3237 489 3316 insigniter
511 3256 547 3296 ea
566 3253 657 3313 opera
675 3235 712 3294 de
732 3235 858 3295 scientia
880 3233 1086 3311 promovenda

69 3335 183 3412 meriti,
208 3335 260 3394 sed
283 3335 409 3394 Timone
432 3333 531 3394 iudice
554 3333 630 3392 nihil
654 3337 786 3412 agentes.
