2454 3840
59 167 109 206 nn.
124 165 194 206 xxx.
209 166 283 205 xxm
449 179 491 188 -
539 143 602 208 139
650 177 692 188 -
776 219 777 222 ρ

518 333 617 392 ΧΧΧΙ

151 451 260 527 δοκεῖς
282 475 354 535 μοι,
380 443 397 516 ὃ
422 450 457 516 ἐκ
480 453 615 537 γενετῆς
639 468 675 516 σε
699 450 856 535 κέκληκεν

106 551 126 642 ή
149 553 274 642 μήτηρ,
298 551 390 623 εἶναί
408 579 465 642 μοι
488 553 590 636 καλός
612 580 648 652 τε
670 555 772 648 μέγας
794 581 837 624 τε.

356 741 476 782 nonum
498 739 638 782 Duronnr
660 739 776 782 VERSVS

58 839 89 894 in
99 856 125 893 v.
137 843 158 892 1.
170 843 198 892 2:
219 843 260 894 οὔ
277 833 399 909 Ἀρναῖος
417 833 445 891 δ’
462 833 545 909 ὄνομ’
562 836 639 894 ἔσκε·
659 835 690 894 τὸ
706 835 760 909 γὰρ
775 835 844 893 θέτο
863 834 967 893 πότνια
981 835 1071 910 μήτηρ

248 933 263 982 6
283 921 315 982 ἐκ
333 927 461 997 γενετῆς·
482 918 555 996 Ἰρον
574 923 606 982 es
626 931 682 983 κτλ.

59 1015 90 1070 in
104 1021 170 1070 aa:
195 1017 280 1070 ‹1⁵10ss
300 1015 335 1069 el.
355 1013 439 1079 καλός
456 1033 486 1070 τε
506 1013 594 1085 μέγας
612 1033 642 1070 τε
663 1013 771 1084 (eadem
790 1031 886 1071 versus
906 1015 982 1084 sede)

127 1207 213 1251 rnen.
239 1191 450 1252 Athenaeus
469 1192 514 1250 [V
532 1212 560 1268 p.
582 1193 660 1252 160⁰
674 1209 716 1269 sq.
745 1185 782 1251 σὺ
801 1188 835 1251 δέ
857 1214 916 1271 μοι
940 1193 1074 1270 δοκεῖς,

62 1279 86 1351 ὦ
109 1283 277 1366 Κύνουλκε,
305 1282 396 1370 τούτῳ
420 1282 476 1370 γὰρ
499 1275 607 1368 χαίρεις
629 1292 669 1374 τῷ
693 1283 829 1367 ὀνόματι,
860 1283 897 1351 ού
921 1285 1076 1370 λεγόμενος

63 1381 121 1470 (sic
136 1387 243 1464 scripsi
255 1406 310 1464 pro
324 1381 441 1468 λέγων),
455 1379 472 1448 ὃ
487 1385 524 1448 ἐκ
537 1389 683 1466 γενετῆς
697 1379 767 1464 στῆ
783 1380 897 1466 μήτηρ
915 1384 1076 1465 κέκληκε,

61 1479 135 1555 κατὰ
161 1479 213 1547 τὸν
240 1479 293 1546 σὸν
319 1484 455 1562 Τίμωνα,
488 1477 583 1544 εἶναί
613 1505 671 1562 μοι
699 1477 807 1556 καλός
832 1504 866 1544 τε
894 1481 1001 1564 μέγας
1027 1505 1076 1560 τε,

61 1577 117 1646 οὐκ
135 1577 326 1660 ἐπιστάμενος
344 1575 389 1642 ὅτι
406 1575 513 1660 κόγχος
530 1575 612 1656 παρὰ
630 1576 760 1663 προτέρῳ
780 1573 865 1661 (παρ’
887 1574 1016 1663 ὁποτέρῳ
1031 1573 1075 1662 Α)

62 1672 180 1758 μνήμης
200 1673 354 1758 τετύχηκεν
373 1671 543 1758 Ἐπιχάρμῳ
566 1682 622 1738 κτλ.

129 1875 224 1917 noun.
256 1856 363 1933 'Vulgo
391 1859 503 1932 putant
527 1855 661 1914 Timonis
689 1873 753 1914 esse
780 1855 846 1914 sola
873 1848 1076 1927 verberator

60 1976 90 2014 τε
109 1951 198 2034 μέγας
215 1975 257 2030 τες
275 1953 437 2018 προείλοντο
455 1957 558 2014 tamen
572 1952 666 2012 etiam
684 1952 716 2011 in
735 1952 777 2012 eis
797 1971 875 2029 queo
894 1952 1076 2012 antecedunt

60 2052 222 2112 Homerica
247 2052 386 2129 perodio,
419 2069 511 2128 quam
538 2051 706 2110 necessario
734 2050 773 2109 ad
800 2051 929 2110 eundem
955 2053 1077 2127 poetam

63 2151 185 2210 referas.
217 2149 287 2209 dein
304 2149 469 2210 rectissime
489 2147 671 2224 Meinekius,
695 2149 774 2206 anal.
794 2148 834 2206 ad
850 2147 961 2208 Athen.
975 2168 1004 2223 p.
1021 2150 1076 2208 76:

61 2243 148 2307 ‘haec
171 2266 240 2306 cum
262 2247 420 2307 notissima
438 2244 562 2305 Homeri
585 2245 676 2304 verba
700 2245 773 2322 sint,
797 2263 857 2304 non
876 2249 1003 2321 apparet
1024 2263 1078 2304 cur

62 2365 98 2405 ea
117 2363 154 2404 ex
171 2345 297 2404 Timone
315 2343 488 2403 afferentur.
525 2359 623 2419 neque
647 2343 686 2402 ad
707 2343 888 2402 sententiam
906 2345 979 2418 apta
997 2346 1077 2419 sunt,

58 2460 140 2520 quae
168 2442 338 2504 convicium
364 2461 425 2500 non
452 2430 573 2500 laudem
600 2442 746 2516 postulat.
792 2440 896 2518 itaque
924 2441 956 2498 in
978 2439 1078 2500 verbis

61 2561 112 2617 μοι
138 2529 229 2610 καλός
255 2539 367 2598 vitium
393 2540 487 2597 latere
515 2536 644 2598 videtur.
693 2538 809 2598 accedit
837 2538 918 2615 quod
940 2558 990 2616 μοι
1014 2537 1078 2596 iam

61 2655 155 2713 supra
173 2630 293 2696 adfuit'.
326 2636 400 2712 quid
417 2635 461 2694 rei
481 2635 521 2693 sit
542 2635 719 2712 perspicies,
744 2635 770 2694 si
792 2637 893 2695 totum
916 2634 1079 2694 sententia-

60 2754 130 2792 rum
150 2751 296 2792 conexum
314 2732 520 2792 consideraris.
549 2732 671 2792 locutus
685 2735 751 2791 erat
766 2731 927 2809 Cynnlcus,
946 2750 1025 2791 unus
1044 2750 1080 2790 ex

63 2831 319 2907 deipnosophistis
338 2829 392 2907 qui
410 2829 492 2904 apud
509 2828 710 2889 Laurentium
728 2832 937 2904 convenerant,
956 2829 1080 2904 cynicus

63 2947 181 3003 semper
203 2928 333 2987 hominis
356 2924 553 3001 impudentis,
582 2926 807 3004 conviciatoris,
838 2925 955 2986 voracis
978 2943 1080 3000 perso-

63 3043 135 3085 nam
153 3043 255 3102 agens,
277 3024 330 3102 qui
348 3043 453 3083 verum
471 3015 560 3081 sunm
579 3023 729 3082 Theodori
747 3042 857 3092 nomen
876 3021 1081 3080 dissimulasse

65 3121 194 3200 fingitur
223 3126 254 3182 et
280 3121 423 3181 maluisse
447 3119 596 3196 appellari
617 3121 793 3192 Κννοῦλκος
816 3121 835 3178 i.
860 3139 884 3178 c.
908 3119 1082 3196 cynicorum

66 3220 137 3278 dux.
169 3220 222 3278 ille
240 3220 337 3298 igitur
355 3219 485 3284 iusserat
503 3215 561 3276 sibi
578 3216 650 3274 dari.
661 3209 716 3294 τῆν
734 3210 962 3294 πολυθρύλητον
980 3218 1083 3293 φακῆν

64 3320 95 3376 et
116 3309 169 3377 τὸν
191 3310 510 3396 nominenominee.
553 3332 612 3390 quo
636 3315 717 3374 facto
742 3333 812 3374 cum
834 3313 978 3374 convivae
1001 3313 1083 3370 risis-

66 3416 147 3490 sent,
171 3415 363 3476 vehementer
385 3419 417 3478 in
440 3432 491 3476 eos
514 3412 652 3471 invectus
676 3413 722 3470 est
742 3411 823 3488 quod
841 3409 975 3468 Timonis
999 3409 1084 3470 sillos

66 3511 255 3589 ignorarent,
288 3511 320 3570 in
353 3518 464 3597 quibus
496 3503 607 3588 κόγχον
639 3508 723 3568 illius
754 3507 867 3568 mentio
896 3506 979 3564 facta
1007 3507 1086 3566 esset
1151 3591 1152 3594 Ἴ
