2452 3832
529 69 749 134 ..40-

126 235 188 300 ille
209 233 303 295 fluisse
326 234 508 312 compositos
531 233 641 311 forme,
664 250 726 311 que
748 251 853 322 eorum
875 236 994 311 portem
1012 232 1153 312 aliquem

132 332 227 393 fuisse
250 331 380 394 coniecit
401 349 480 394 unus
503 331 638 392 omnium
659 329 788 392 menime
811 329 848 390 de
872 330 1154 394 Timonemeritus

132 429 311 508 Meinekius,
325 445 414 491 encre.
427 427 571 489 inditore.
586 427 689 506 specl
702 449 731 506 p.
743 430 761 488 6
777 419 871 509 (ancl.
881 430 914 490 s'n
924 426 1030 489 Athen.
1039 449 1069 508 p.
1081 424 1153 513 26),

133 525 280 599 νεκυίας
293 526 423 588 formem
436 525 511 587 dico.
528 544 613 605 ,qnee
627 525 802 586 coniectura
815 528 852 586 ut
865 525 928 586 tere
941 525 1038 588 invito
1051 528 1153 590 cuivis

132 625 207 704 ipsis
229 623 368 702 reliquiis
391 623 578 702 obtruditur,
601 623 647 684 ite
667 623 736 684 inde
755 641 904 684 summem
918 623 1153 710 probabilitatis

133 719 263 798 speciem
285 719 343 781 sibi
366 718 519 797 adsciscit,
542 721 624 797 qnod
645 720 719 782 telis
742 720 840 781 forme
858 721 1016 798 eptissime
1040 726 1087 784 est
1110 723 1153 784 ed

132 817 378 896 perstringendos
400 820 537 878 mortuos
556 835 625 878 cum
643 818 720 880 elios
741 821 809 878 tum
830 818 1026 896 philosophos
1048 838 1153 898 neque

25 949 30 962 κ
132 917 198 978 ulle
220 915 303 993 epud
327 913 457 976 Greecos
479 915 670 995 frequentius
696 915 729 975 in
755 915 905 993 poematis
930 915 1073 978 irrisoriis
1097 913 1157 976 ed·'

132 1014 255 1076 bibetur
275 1031 374 1091 neque
396 1016 499 1090 potest
515 1012 690 1094 ‚excogitari
708 1011 870 1090 quaepiam
892 1013 990 1092 magis
1014 1030 1155 1091 congrue
1183 1073 1185 1078 .

127 1111 259 1176 ,cermiui
282 1128 319 1170 ex
341 1109 472 1170 Homero
495 1109 635 1188 perodice
658 1109 787 1170 detorto.

199 1206 329 1268 Mexime
350 1207 431 1268 enim
448 1207 587 1268 idoneem
604 1207 682 1266 beno
701 1223 766 1266 esse
788 1205 918 1268 formem
939 1205 978 1266 ed
1001 1207 1154 1286 sugillen-

132 1306 187 1368 dos
218 1305 354 1366 homines
386 1303 544 1365 defunctos
576 1293 630 1382 qui
661 1307 791 1365 testetur
823 1303 1029 1365 fideiussorem
1058 1304 1153 1368 iubeo

132 1402 406 1480 locupletissimum
432 1402 552 1480 prodire
581 1401 763 1462 Sobillerum
789 1400 822 1460 in
848 1401 979 1479 epistole
1008 1401 1048 1462 ed
1071 1401 1154 1464 Goe-

131 1501 232 1564 tbium
263 1499 360 1578 pridie
386 1500 447 1561 kel.
471 1499 601 1560 februer.
626 1501 712 1560 1796
740 1500 813 1560 dete
839 1499 899 1560 vol.
921 1499 937 1559 1
959 1520 988 1577 p.
1014 1501 1077 1560 132
1104 1501 1154 1561 ed.

132 1601 201 1659 tert.
225 1589 356 1678 (Stuttg.
372 1587 474 1678 1870)
498 1596 543 1657 ite
561 1596 753 1658 scribentem:
776 1596 848 1674 „ch
865 1596 942 1657 hebe
961 1596 1059 1658 dieser
1076 1600 1154 1677 tege

133 1696 190 1756 den
203 1694 317 1758 Homer
338 1713 396 1754 zur
414 1693 496 1755 bend
519 1712 696 1773 genommen
714 1693 780 1754 und
796 1739 891 1754 .....
909 1693 942 1753 in
961 1694 1014 1755 der
1026 1693 1154 1773 Nekyo·

132 1793 246 1854 mentis
268 1783 348 1873 (eine
367 1791 525 1870 prtchtige
544 1792 646 1869 quelle
664 1811 724 1854 von
741 1792 888 1869 perodien
906 1784 1074 1876 entdeoks),'
1096 1815 1154 1854 um

132 1889 180 1950 die
203 1888 419 1950 verstorbenen
437 1891 565 1950 eutoren
583 1888 646 1948 und
668 1888 718 1949 hie
735 1890 799 1951 und
817 1889 857 1949 de
875 1890 953 1951 euob
975 1890 1023 1951 die
1046 1891 1153 1952 leben·

132 1988 190 2048 den
208 2006 246 2048 zu
263 1987 383 2064 plegen.
415 1984 542 2045 Denlren
559 1985 609 2046 Sie
628 1986 684 2046 eni
699 1986 766 2047 eine
784 1986 990 2049 introduction
1003 1986 1153 2050 Newtons

132 2085 165 2144 in
188 2084 241 2144 der
263 2083 433 2144 unterwelt.
458 2128 486 2142 ..
514 2083 601 2142 Beim
624 2083 760 2150 schlusse
782 2084 879 2145 dente
901 2084 951 2145 iob
973 2085 1070 2163 geben
1093 2087 1154 2147 wir

131 2182 214 2242 noch.
235 2180 301 2241 eine
328 2181 467 2242 lromddie
499 2181 532 2240 in
559 2176 791 2260 epigremmen.“
833 2200 867 2242 eo
899 2185 1006 2242 notum
1038 2186 1086 2243 est
1117 2185 1153 2244 in

131 2279 234 2340 Xeuiis
256 2281 440 2342 332-413
468 2279 525 2340 boc
552 2279 713 2340 consilium
738 2297 759 2339 e
786 2277 915 2340 Goetbio
940 2278 1153 2360 Schilleroque

131 2378 299 2455 perfectum
327 2395 391 2438 esse
419 2377 464 2437 ite
487 2380 524 2436 ut
545 2375 707 2455 fingerent,
735 2394 800 2437 sese
823 2394 842 2435 e
864 2376 953 2436 Muse
980 2376 1013 2436 in
1036 2376 1153 2440 Orcum

132 2475 276 2536 deductos
294 2475 427 2552 primum
445 2471 607 2534 nonnullos
625 2473 761 2538 homines
779 2473 932 2535 litteratos
945 2473 1057 2538 vidisse
1071 2495 1154 2555 quos

131 2571 335 2634 describerent
365 2570 502 2632 versibus
534 2587 571 2630 ex
602 2570 726 2632 Homeri
757 2570 875 2654 Νεκυίᾳ
906 2570 1033 2632 detortis
1066 2565 1149 2654 (332

132 2659 268 2750 —370),
289 2671 357 2727 tum
378 2667 593 2746 interrogendo
612 2669 752 2746 quisnem
774 2669 1024 2746 philosophorum
1045 2675 1154 2747 posset

129 2763 264 2842 proferre
296 2762 407 2842 dogme
438 2765 614 2827 universum
642 2765 892 2843 philosophorum
919 2770 1071 2828 certamen
1098 2787 1152 2830 ex·

130 2861 239 2922 citesse
268 2852 497 2945 (371-389),
529 2863 659 2941 denique
691 2862 878 2941 colloquium
910 2881 979 2924 cum
1006 2863 1152 2945 Hercule,

131 2959 348 3038 Sbekspe'erio,
371 2960 408 3020 de
431 2961 590 3039 tragoedia
612 2959 828 3039 tregoedisqne.
849 2960 987 3039 seruisse,
1011 2979 1071 3038 quo
1095 2961 1153 3022 be·

131 3058 197 3119 bito
221 3075 239 3118 e
261 3057 350 3117 Muse
373 3056 533 3118 ebscedere
555 3057 733 3120 iuberentur
755 3049 973 3140 (cco-413).

197 3153 300 3234 Atque
324 3154 417 3233 elegit
439 3154 518 3215 beno
539 3155 668 3216 formem
692 3175 753 3235 que
775 3157 927 3218 morderet
948 3174 1020 3235 pree
1040 3159 1153 3220 ceteris

129 3251 324 3329 philosophos
347 3251 500 3313 Lucienus
523 3251 556 3311 in
577 3253 810 3333 Necyomantia,
837 3255 870 3313 in
891 3253 980 3315 Veris
1003 3254 1153 3336 historiis,

129 3349 162 3410 in
184 3349 323 3428 Dielogis
345 3352 549 3428 mortuorum,
572 3350 699 3429 elegisse
721 3350 753 3410 in
775 3355 921 3429 promptu
943 3355 989 3413 est
1012 3352 1153 3414 conicere

111 3445 148 3499 1¹11
169 3445 297 3528 Maec
316 3446 500 3527 Menippum
528 3465 621 3527 quem
647 3447 706 3510 sibi
727 3447 879 3509 Lucienus
904 3450 1057 3527 exempler
1079 3469 1154 3528 pro·
