<?xml version="1.0" encoding="UTF-8"?>
<!DOCTYPE html PUBLIC "-//W3C//DTD XHTML 1.0 Transitional//EN"
    "http://www.w3.org/TR/xhtml1/DTD/xhtml1-transitional.dtd">
<html xmlns="http://www.w3.org/1999/xhtml" xml:lang="en" lang="en">
 <head>
  <title>
</title>
<meta http-equiv="Content-Type" content="text/html;charset=utf-8" />
  <meta name='ocr-system' content='tesseract 3.04.00' />
  <meta name='ocr-capabilities' content='ocr_page ocr_carea ocr_par ocr_line ocrx_word'/>
</head>
<body>
  <div class='ocr_page' id='page_1' title='image "./corpusculumpoes00brangoog_0038.png"; bbox 0 0 2452 3832; ppageno 0'>
   <div class='ocr_carea' id='block_1_1' title="bbox 469 107 778 194">
    <p class='ocr_par' dir='ltr' id='par_1_1' title="bbox 469 107 778 194">
     <span class='ocr_line' id='line_1_1' title="bbox 469 107 778 194; baseline 0 -23"><span class='ocrx_word' id='word_1_1' title='bbox 469 107 688 171; x_wconf 76' lang='lat' dir='ltr'>-sr-</span> <span class='ocrx_word' id='word_1_2' title='bbox 774 185 778 194; x_wconf 12' lang='grc' dir='ltr'>Ἴ</span> 
     </span>
    </p>
   </div>
   <div class='ocr_carea' id='block_1_2' title="bbox 65 271 1099 1042">
    <p class='ocr_par' dir='ltr' id='par_1_2' title="bbox 65 271 1099 1042">
     <span class='ocr_line' id='line_1_2' title="bbox 137 271 1087 349; baseline 0.001 -19"><span class='ocrx_word' id='word_1_3' title='bbox 137 271 226 330; x_wconf 85' lang='lat' dir='ltr'>Silli</span> <span class='ocrx_word' id='word_1_4' title='bbox 249 271 331 329; x_wconf 92' lang='lat' dir='ltr'>fama</span> <span class='ocrx_word' id='word_1_5' title='bbox 354 275 385 330; x_wconf 90' lang='lat' dir='ltr'>et</span> <span class='ocrx_word' id='word_1_6' title='bbox 403 271 493 330; x_wconf 89' lang='lat' dir='ltr'>laude</span> <span class='ocrx_word' id='word_1_7' title='bbox 512 274 612 330; x_wconf 89' lang='lat' dir='ltr'>cetera</span> <span class='ocrx_word' id='word_1_8' title='bbox 631 271 765 334; x_wconf 81' lang='lat' dir='ltr'>Timonis</span> <span class='ocrx_word' id='word_1_9' title='bbox 791 272 904 349; x_wconf 88' lang='lat' dir='ltr'>scripta</span> <span class='ocrx_word' id='word_1_10' title='bbox 926 275 1087 349; x_wconf 90' lang='lat' dir='ltr'>tantopere</span> 
     </span>
     <span class='ocr_line' id='line_1_3' title="bbox 67 361 1085 452; baseline 0.002 -24"><span class='ocrx_word' id='word_1_11' title='bbox 67 368 254 446; x_wconf 73' lang='lat' dir='ltr'>superabant</span> <span class='ocrx_word' id='word_1_12' title='bbox 277 361 313 428; x_wconf 85' lang='lat' dir='ltr'>ut</span> <span class='ocrx_word' id='word_1_13' title='bbox 336 368 374 427; x_wconf 89' lang='lat' dir='ltr'>ab</span> <span class='ocrx_word' id='word_1_14' title='bbox 396 368 444 427; x_wconf 90' lang='lat' dir='ltr'>his</span> <span class='ocrx_word' id='word_1_15' title='bbox 461 387 570 428; x_wconf 92' lang='lat' dir='ltr'>nomen</span> <span class='ocrx_word' id='word_1_16' title='bbox 589 362 820 452; x_wconf 77' lang='lat' dir='ltr'>erltoypoipov¹)</span> <span class='ocrx_word' id='word_1_17' title='bbox 844 371 991 448; x_wconf 88' lang='lat' dir='ltr'>traheret,</span> <span class='ocrx_word' id='word_1_18' title='bbox 1013 371 1085 430; x_wconf 91' lang='lat' dir='ltr'>reli-</span> 
     </span>
     <span class='ocr_line' id='line_1_4' title="bbox 68 466 1085 545; baseline 0.002 -20"><span class='ocrx_word' id='word_1_19' title='bbox 68 467 123 544; x_wconf 88' lang='lat' dir='ltr'>qui</span> <span class='ocrx_word' id='word_1_20' title='bbox 151 466 223 524; x_wconf 85' lang='lat' dir='ltr'>libri</span> <span class='ocrx_word' id='word_1_21' title='bbox 249 484 345 543; x_wconf 91' lang='lat' dir='ltr'>paene</span> <span class='ocrx_word' id='word_1_22' title='bbox 373 483 475 525; x_wconf 89' lang='lat' dir='ltr'>omnes</span> <span class='ocrx_word' id='word_1_23' title='bbox 503 467 641 526; x_wconf 88' lang='lat' dir='ltr'>laterent.</span> <span class='ocrx_word' id='word_1_24' title='bbox 683 469 774 543; x_wconf 87' lang='lat' dir='ltr'>atque</span> <span class='ocrx_word' id='word_1_25' title='bbox 802 467 934 544; x_wconf 89' lang='lat' dir='ltr'>primum</span> <span class='ocrx_word' id='word_1_26' title='bbox 962 466 1085 545; x_wconf 84' lang='lat' dir='ltr'>quidem</span> 
     </span>
     <span class='ocr_line' id='line_1_5' title="bbox 66 563 1087 642; baseline 0.002 -19"><span class='ocrx_word' id='word_1_27' title='bbox 66 565 211 624; x_wconf 85' lang='lat' dir='ltr'>videntur</span> <span class='ocrx_word' id='word_1_28' title='bbox 238 563 400 623; x_wconf 81' lang='lat' dir='ltr'><strong>admodum</strong></span> <span class='ocrx_word' id='word_1_29' title='bbox 427 565 603 640; x_wconf 87' lang='lat' dir='ltr'>frequenter</span> <span class='ocrx_word' id='word_1_30' title='bbox 631 564 763 624; x_wconf 89' lang='lat' dir='ltr'>lectitati</span> <span class='ocrx_word' id='word_1_31' title='bbox 790 583 867 624; x_wconf 89' lang='lat' dir='ltr'>esse:</span> <span class='ocrx_word' id='word_1_32' title='bbox 898 569 929 625; x_wconf 93' lang='lat' dir='ltr'>et</span> <span class='ocrx_word' id='word_1_33' title='bbox 956 583 1087 642; x_wconf 91' lang='lat' dir='ltr'>appara--</span> 
     </span>
     <span class='ocr_line' id='line_1_6' title="bbox 65 660 1099 738; baseline 0.002 -18"><span class='ocrx_word' id='word_1_34' title='bbox 65 661 200 721; x_wconf 88' lang='lat' dir='ltr'>tissimos</span> <span class='ocrx_word' id='word_1_35' title='bbox 223 661 278 721; x_wconf 90' lang='lat' dir='ltr'>hos</span> <span class='ocrx_word' id='word_1_36' title='bbox 298 664 390 738; x_wconf 87' lang='lat' dir='ltr'>atque</span> <span class='ocrx_word' id='word_1_37' title='bbox 409 660 588 720; x_wconf 83' lang='lat' dir='ltr'>salsissimas</span> <span class='ocrx_word' id='word_1_38' title='bbox 609 661 690 720; x_wconf 89' lang='lat' dir='ltr'>eibos</span> <span class='ocrx_word' id='word_1_39' title='bbox 708 662 797 737; x_wconf 89' lang='lat' dir='ltr'>plane</span> <span class='ocrx_word' id='word_1_40' title='bbox 816 663 910 722; x_wconf 86' lang='lat' dir='ltr'>fuisse</span> <span class='ocrx_word' id='word_1_41' title='bbox 934 664 1099 723; x_wconf 88' lang='lat' dir='ltr'>stomachi·</span> 
     </span>
     <span class='ocr_line' id='line_1_7' title="bbox 66 757 1085 836; baseline 0 -18"><span class='ocrx_word' id='word_1_42' title='bbox 66 759 243 835; x_wconf 86' lang='lat' dir='ltr'>aequalium</span> <span class='ocrx_word' id='word_1_43' title='bbox 283 759 469 818; x_wconf 78' lang='lat' dir='ltr'>delicatioris</span> <span class='ocrx_word' id='word_1_44' title='bbox 511 759 578 835; x_wconf 92' lang='lat' dir='ltr'>quis</span> <span class='ocrx_word' id='word_1_45' title='bbox 617 757 766 818; x_wconf 80' lang='lat' dir='ltr'>miretur?</span> <span class='ocrx_word' id='word_1_46' title='bbox 809 760 870 818; x_wconf 91' lang='lat' dir='ltr'>iam</span> <span class='ocrx_word' id='word_1_47' title='bbox 909 759 1085 836; x_wconf 77' lang='lat' dir='ltr'>Antigonus</span> 
     </span>
     <span class='ocr_line' id='line_1_8' title="bbox 67 855 1083 934; baseline 0 -19"><span class='ocrx_word' id='word_1_48' title='bbox 67 855 238 934; x_wconf 77' lang='lat' dir='ltr'>Carystius,</span> <span class='ocrx_word' id='word_1_49' title='bbox 268 857 401 915; x_wconf 84' lang='lat' dir='ltr'>Timonis</span> <span class='ocrx_word' id='word_1_50' title='bbox 425 875 549 932; x_wconf 89' lang='lat' dir='ltr'>suppar,</span> <span class='ocrx_word' id='word_1_51' title='bbox 578 875 683 916; x_wconf 88' lang='lat' dir='ltr'>eorum</span> <span class='ocrx_word' id='word_1_52' title='bbox 706 856 914 917; x_wconf 77' lang='lat' dir='ltr'>cavillationes</span> <span class='ocrx_word' id='word_1_53' title='bbox 937 855 1083 916; x_wconf 88' lang='lat' dir='ltr'>lubentis-</span> 
     </span>
     <span class='ocr_line' id='line_1_9' title="bbox 67 953 1088 1042; baseline 0.001 -30"><span class='ocrx_word' id='word_1_54' title='bbox 67 954 142 1012; x_wconf 89' lang='lat' dir='ltr'>sime</span> <span class='ocrx_word' id='word_1_55' title='bbox 172 953 312 1013; x_wconf 85' lang='lat' dir='ltr'>adhibuit</span> <span class='ocrx_word' id='word_1_56' title='bbox 335 954 373 1013; x_wconf 88' lang='lat' dir='ltr'>ad</span> <span class='ocrx_word' id='word_1_57' title='bbox 395 953 644 1032; x_wconf 88' lang='lat' dir='ltr'>philosophorum</span> <span class='ocrx_word' id='word_1_58' title='bbox 671 973 800 1031; x_wconf 87' lang='lat' dir='ltr'>quorum</span> <span class='ocrx_word' id='word_1_59' title='bbox 822 954 901 1015; x_wconf 84' lang='lat' dir='ltr'>vitas</span> <span class='ocrx_word' id='word_1_60' title='bbox 925 953 1088 1042; x_wconf 80' lang='lat' dir='ltr'>descripsit</span> 
     </span>
    </p>
   </div>
   <div class='ocr_carea' id='block_1_3' title="bbox 66 1048 1203 1128">
    <p class='ocr_par' dir='ltr' id='par_1_3' title="bbox 66 1048 1203 1128">
     <span class='ocr_line' id='line_1_10' title="bbox 66 1048 1203 1128; baseline 0.001 -20"><span class='ocrx_word' id='word_1_61' title='bbox 66 1051 231 1128; x_wconf 84' lang='lat' dir='ltr'>imaginem</span> <span class='ocrx_word' id='word_1_62' title='bbox 254 1050 365 1110; x_wconf 85' lang='lat' dir='ltr'>clarius</span> <span class='ocrx_word' id='word_1_63' title='bbox 388 1050 620 1128; x_wconf 84' lang='lat' dir='ltr'>exprimendam.</span> <span class='ocrx_word' id='word_1_64' title='bbox 658 1052 763 1110; x_wconf 87' lang='lat' dir='ltr'>eadem</span> <span class='ocrx_word' id='word_1_65' title='bbox 780 1052 842 1111; x_wconf 87' lang='lat' dir='ltr'>fere</span> <span class='ocrx_word' id='word_1_66' title='bbox 861 1053 962 1110; x_wconf 89' lang='lat' dir='ltr'>aetate</span> <span class='ocrx_word' id='word_1_67' title='bbox 978 1048 1083 1109; x_wconf 84' lang='lat' dir='ltr'>Sotion</span> <span class='ocrx_word' id='word_1_68' title='bbox 1202 1063 1203 1068; x_wconf 75' lang='grc'>’</span> 
     </span>
    </p>
   </div>
   <div class='ocr_carea' id='block_1_4' title="bbox 14 1137 1087 2398">
    <p class='ocr_par' dir='ltr' id='par_1_4' title="bbox 22 1137 1087 1710">
     <span class='ocr_line' id='line_1_11' title="bbox 22 1137 1087 1230; baseline 0 -26"><span class='ocrx_word' id='word_1_69' title='bbox 22 1137 24 1142; x_wconf 66' lang='grc'>’</span> <span class='ocrx_word' id='word_1_70' title='bbox 66 1146 299 1224; x_wconf 86' lang='lat' dir='ltr'>Alexandrinus,</span> <span class='ocrx_word' id='word_1_71' title='bbox 314 1147 467 1226; x_wconf 79' lang='grc' dir='ltr'><strong><em>’διαδοχῶν</em></strong></span> <span class='ocrx_word' id='word_1_72' title='bbox 481 1148 610 1223; x_wconf 87' lang='lat' dir='ltr'>scriptor</span> <span class='ocrx_word' id='word_1_73' title='bbox 623 1148 857 1230; x_wconf 76' lang='lat' dir='ltr'>illustrissimus,</span> <span class='ocrx_word' id='word_1_74' title='bbox 877 1149 976 1225; x_wconf 92' lang='lat' dir='ltr'>quode</span> <span class='ocrx_word' id='word_1_75' title='bbox 991 1167 1087 1226; x_wconf 87' lang='lat' dir='ltr'>snpra.</span> 
     </span>
     <span class='ocr_line' id='line_1_12' title="bbox 67 1235 1084 1326; baseline 0.003 -23"><span class='ocrx_word' id='word_1_76' title='bbox 67 1235 111 1324; x_wconf 79' lang='lat' dir='ltr'>(p.</span> <span class='ocrx_word' id='word_1_77' title='bbox 127 1236 162 1326; x_wconf 83' lang='lat'>8)</span> <span class='ocrx_word' id='word_1_78' title='bbox 183 1245 257 1322; x_wconf 80' lang='lat' dir='ltr'>dixi,</span> <span class='ocrx_word' id='word_1_79' title='bbox 280 1241 425 1323; x_wconf 71' lang='grc' dir='ltr'><strong><em>περὶτῶν</em></strong></span> <span class='ocrx_word' id='word_1_80' title='bbox 443 1244 577 1322; x_wconf 81' lang='grc' dir='ltr'><strong><em>Τίμωνος</em></strong></span> <span class='ocrx_word' id='word_1_81' title='bbox 596 1245 702 1306; x_wconf 81' lang='grc' dir='ltr'><strong><em>σίλλων</em></strong></span> <span class='ocrx_word' id='word_1_82' title='bbox 726 1247 790 1324; x_wconf 87' lang='lat' dir='ltr'>egit</span> <span class='ocrx_word' id='word_1_83' title='bbox 807 1247 955 1323; x_wconf 86' lang='lat' dir='ltr'>singulari</span> <span class='ocrx_word' id='word_1_84' title='bbox 978 1245 1084 1306; x_wconf 87' lang='lat' dir='ltr'>libello</span> 
     </span>
     <span class='ocr_line' id='line_1_13' title="bbox 66 1335 1082 1425; baseline 0.001 -24"><span class='ocrx_word' id='word_1_85' title='bbox 66 1360 163 1419; x_wconf 91' lang='lat' dir='ltr'>eoque</span> <span class='ocrx_word' id='word_1_86' title='bbox 187 1373 229 1383; x_wconf 88' lang='lat'><em>-</em></span> <span class='ocrx_word' id='word_1_87' title='bbox 258 1345 407 1419; x_wconf 88' lang='lat' dir='ltr'>quantum</span> <span class='ocrx_word' id='word_1_88' title='bbox 435 1361 471 1401; x_wconf 87' lang='lat' dir='ltr'>ex</span> <span class='ocrx_word' id='word_1_89' title='bbox 498 1335 622 1424; x_wconf 77' lang='lat' dir='ltr'>unieo²)</span> <span class='ocrx_word' id='word_1_90' title='bbox 656 1363 730 1420; x_wconf 91' lang='lat' dir='ltr'>quo·</span> <span class='ocrx_word' id='word_1_91' title='bbox 745 1343 890 1403; x_wconf 89' lang='lat' dir='ltr'>laudatur</span> <span class='ocrx_word' id='word_1_92' title='bbox 921 1344 988 1403; x_wconf 93' lang='lat' dir='ltr'>loco</span> <span class='ocrx_word' id='word_1_93' title='bbox 1019 1335 1082 1425; x_wconf 84' lang='lat' dir='ltr'>(ap.</span> 
     </span>
     <span class='ocr_line' id='line_1_14' title="bbox 65 1431 1084 1521; baseline 0.002 -23"><span class='ocrx_word' id='word_1_94' title='bbox 65 1439 176 1498; x_wconf 86' lang='lat' dir='ltr'>Athen.</span> <span class='ocrx_word' id='word_1_95' title='bbox 191 1439 267 1498; x_wconf 84' lang='lat' dir='ltr'>VIII</span> <span class='ocrx_word' id='word_1_96' title='bbox 284 1460 313 1516; x_wconf 91' lang='lat' dir='ltr'>p.</span> <span class='ocrx_word' id='word_1_97' title='bbox 329 1431 425 1521; x_wconf 69' lang='lat'>336⁶)</span> <span class='ocrx_word' id='word_1_98' title='bbox 449 1441 583 1500; x_wconf 88' lang='lat' dir='ltr'>conicere</span> <span class='ocrx_word' id='word_1_99' title='bbox 606 1440 678 1507; x_wconf 86' lang='lat' dir='ltr'>licet</span> <span class='ocrx_word' id='word_1_100' title='bbox 696 1473 738 1481; x_wconf 90' lang='lat'>—</span> <span class='ocrx_word' id='word_1_101' title='bbox 758 1461 818 1501; x_wconf 91' lang='lat' dir='ltr'>non</span> <span class='ocrx_word' id='word_1_102' title='bbox 840 1444 905 1500; x_wconf 86' lang='lat' dir='ltr'>tam</span> <span class='ocrx_word' id='word_1_103' title='bbox 923 1441 1084 1519; x_wconf 83' lang='lat' dir='ltr'>impugna·</span> 
     </span>
     <span class='ocr_line' id='line_1_15' title="bbox 65 1529 1084 1620; baseline 0.001 -23"><span class='ocrx_word' id='word_1_104' title='bbox 65 1537 113 1597; x_wconf 81' lang='lat' dir='ltr'>rit</span> <span class='ocrx_word' id='word_1_105' title='bbox 140 1537 309 1614; x_wconf 77' lang='lat' dir='ltr'>Timonem,</span> <span class='ocrx_word' id='word_1_106' title='bbox 338 1537 419 1613; x_wconf 92' lang='lat' dir='ltr'>quod</span> <span class='ocrx_word' id='word_1_107' title='bbox 447 1538 586 1597; x_wconf 91' lang='lat' dir='ltr'>nonnulli</span> <span class='ocrx_word' id='word_1_108' title='bbox 613 1529 845 1620; x_wconf 74' lang='lat' dir='ltr'>putaverimt³),</span> <span class='ocrx_word' id='word_1_109' title='bbox 876 1557 966 1614; x_wconf 90' lang='lat' dir='ltr'>quam</span> <span class='ocrx_word' id='word_1_110' title='bbox 995 1539 1084 1598; x_wconf 89' lang='lat' dir='ltr'>docte</span> 
     </span>
     <span class='ocr_line' id='line_1_16' title="bbox 66 1625 315 1710; baseline 0.016 -18"><span class='ocrx_word' id='word_1_111' title='bbox 66 1625 239 1710; x_wconf 60' lang='lat' dir='ltr'>explicarit,</span> <span class='ocrx_word' id='word_1_112' title='bbox 308 1629 315 1644; x_wconf 84' lang='lat'>&#39;</span> 
     </span>
    </p>

    <p class='ocr_par' dir='ltr' id='par_1_5' title="bbox 14 1730 1084 2398">
     <span class='ocr_line' id='line_1_17' title="bbox 134 1730 1084 1809; baseline 0 -19"><span class='ocrx_word' id='word_1_113' title='bbox 134 1730 269 1790; x_wconf 80' lang='lat' dir='ltr'>Similem</span> <span class='ocrx_word' id='word_1_114' title='bbox 306 1732 358 1792; x_wconf 91' lang='lat' dir='ltr'>sed</span> <span class='ocrx_word' id='word_1_115' title='bbox 394 1732 556 1809; x_wconf 83' lang='lat' dir='ltr'>largiorem</span> <span class='ocrx_word' id='word_1_116' title='bbox 592 1731 813 1808; x_wconf 89' lang='lat' dir='ltr'>interpretandi</span> <span class='ocrx_word' id='word_1_117' title='bbox 850 1749 972 1807; x_wconf 88' lang='lat' dir='ltr'>operam</span> <span class='ocrx_word' id='word_1_118' title='bbox 1004 1731 1084 1791; x_wconf 86' lang='lat' dir='ltr'>siliis</span> 
     </span>
     <span class='ocr_line' id='line_1_18' title="bbox 65 1821 1084 1910; baseline 0 -24"><span class='ocrx_word' id='word_1_119' title='bbox 65 1829 323 1889; x_wconf 83' lang='lat' dir='ltr'>navavitTiberii</span> <span class='ocrx_word' id='word_1_120' title='bbox 341 1829 531 1905; x_wconf 90' lang='lat' dir='ltr'>imperatoris</span> <span class='ocrx_word' id='word_1_121' title='bbox 550 1832 651 1888; x_wconf 89' lang='lat' dir='ltr'>aetate</span> <span class='ocrx_word' id='word_1_122' title='bbox 669 1828 867 1905; x_wconf 83' lang='lat' dir='ltr'>Apollonides</span> <span class='ocrx_word' id='word_1_123' title='bbox 885 1821 1084 1910; x_wconf 68' lang='lat' dir='ltr'>Nicaenu&#39;s‘),</span> 
     </span>
     <span class='ocr_line' id='line_1_19' title="bbox 64 1925 1082 2003; baseline 0.002 -19"><span class='ocrx_word' id='word_1_124' title='bbox 64 1944 101 1984; x_wconf 84' lang='lat' dir='ltr'>ex</span> <span class='ocrx_word' id='word_1_125' title='bbox 120 1927 207 1985; x_wconf 89' lang='lat' dir='ltr'>euius</span> <span class='ocrx_word' id='word_1_126' title='bbox 226 1926 440 1985; x_wconf 89' lang='lat' dir='ltr'>commentario</span> <span class='ocrx_word' id='word_1_127' title='bbox 459 1925 591 2001; x_wconf 89' lang='lat' dir='ltr'>priorem</span> <span class='ocrx_word' id='word_1_128' title='bbox 612 1930 730 2003; x_wconf 87' lang='lat' dir='ltr'>partem</span> <span class='ocrx_word' id='word_1_129' title='bbox 748 1926 926 1984; x_wconf 67' lang='lat' dir='ltr'>Iraertianae</span> <span class='ocrx_word' id='word_1_130' title='bbox 946 1925 1082 1986; x_wconf 85' lang='lat' dir='ltr'>Timonis</span> 
     </span>
     <span class='ocr_line' id='line_1_20' title="bbox 63 2023 1083 2100; baseline -0.003 -16"><span class='ocrx_word' id='word_1_131' title='bbox 63 2023 147 2084; x_wconf 83' lang='lat' dir='ltr'>ritae</span> <span class='ocrx_word' id='word_1_132' title='bbox 171 2024 292 2082; x_wconf 86' lang='lat' dir='ltr'>fluxisse</span> <span class='ocrx_word' id='word_1_133' title='bbox 316 2041 408 2100; x_wconf 90' lang='lat' dir='ltr'>supra</span> <span class='ocrx_word' id='word_1_134' title='bbox 431 2023 568 2082; x_wconf 89' lang='lat' dir='ltr'>diximus.</span> <span class='ocrx_word' id='word_1_135' title='bbox 606 2023 729 2083; x_wconf 90' lang='lat' dir='ltr'>sedhic</span> <span class='ocrx_word' id='word_1_136' title='bbox 753 2042 874 2100; x_wconf 91' lang='lat' dir='ltr'>quoque</span> <span class='ocrx_word' id='word_1_137' title='bbox 897 2024 990 2081; x_wconf 92' lang='lat' dir='ltr'>semel</span> <span class='ocrx_word' id='word_1_138' title='bbox 1012 2027 1083 2081; x_wconf 82' lang='lat' dir='ltr'>tan·</span> 
     </span>
     <span class='ocr_line' id='line_1_21' title="bbox 14 2114 1082 2199; baseline 0.004 -21"><span class='ocrx_word' id='word_1_139' title='bbox 14 2170 15 2178; x_wconf 73' lang='grc'>,</span> <span class='ocrx_word' id='word_1_140' title='bbox 63 2125 132 2182; x_wconf 88' lang='lat' dir='ltr'>tum</span> <span class='ocrx_word' id='word_1_141' title='bbox 159 2120 304 2179; x_wconf 85' lang='lat' dir='ltr'>landatur</span> <span class='ocrx_word' id='word_1_142' title='bbox 326 2139 345 2178; x_wconf 93' lang='lat' dir='ltr'>a</span> <span class='ocrx_word' id='word_1_143' title='bbox 368 2120 489 2180; x_wconf 85' lang='lat' dir='ltr'>Laertie</span> <span class='ocrx_word' id='word_1_144' title='bbox 512 2121 647 2198; x_wconf 87' lang='lat' dir='ltr'>Diogene</span> <span class='ocrx_word' id='word_1_145' title='bbox 671 2122 715 2181; x_wconf 92' lang='lat' dir='ltr'>IX</span> <span class='ocrx_word' id='word_1_146' title='bbox 740 2117 801 2181; x_wconf 86' lang='lat'>109</span> <span class='ocrx_word' id='word_1_147' title='bbox 822 2114 1040 2199; x_wconf 76' lang='grc' dir='ltr'><strong><em>Ἀπολλωνίδης</em></strong></span> <span class='ocrx_word' id='word_1_148' title='bbox 1063 2114 1082 2182; x_wconf 81' lang='lat' dir='ltr'>d</span> 
     </span>
     <span class='ocr_line' id='line_1_22' title="bbox 63 2209 1082 2302; baseline 0.001 -25"><span class='ocrx_word' id='word_1_149' title='bbox 63 2210 198 2288; x_wconf 79' lang='grc' dir='ltr'><strong><em>Νικαεὺς</em></strong></span> <span class='ocrx_word' id='word_1_150' title='bbox 221 2209 237 2276; x_wconf 85' lang='grc' dir='ltr'>ὁ</span> <span class='ocrx_word' id='word_1_151' title='bbox 260 2209 331 2295; x_wconf 82' lang='grc' dir='ltr'><strong><em>παρ’</em></strong></span> <span class='ocrx_word' id='word_1_152' title='bbox 355 2209 443 2295; x_wconf 79' lang='grc' dir='ltr'><strong><em>ἡμῶν</em></strong></span> <span class='ocrx_word' id='word_1_153' title='bbox 465 2215 498 2278; x_wconf 73' lang='grc' dir='ltr'>ἐν</span> <span class='ocrx_word' id='word_1_154' title='bbox 522 2220 561 2302; x_wconf 73' lang='grc' dir='ltr'>τῷ</span> <span class='ocrx_word' id='word_1_155' title='bbox 588 2213 693 2299; x_wconf 77' lang='grc' dir='ltr'><strong><em>πρώτῳ</em></strong></span> <span class='ocrx_word' id='word_1_156' title='bbox 716 2220 775 2277; x_wconf 82' lang='grc' dir='ltr'>τῶν</span> <span class='ocrx_word' id='word_1_157' title='bbox 799 2217 840 2289; x_wconf 83' lang='grc' dir='ltr'>είς</span> <span class='ocrx_word' id='word_1_158' title='bbox 867 2210 936 2288; x_wconf 74' lang='grc' dir='ltr'><strong><em>τοὺς</em></strong></span> <span class='ocrx_word' id='word_1_159' title='bbox 963 2217 1082 2290; x_wconf 81' lang='grc' dir='ltr'><strong><em>σίλλους</em></strong></span> 
     </span>
     <span class='ocr_line' id='line_1_23' title="bbox 62 2305 1080 2398; baseline 0 -24"><span class='ocrx_word' id='word_1_160' title='bbox 62 2306 286 2392; x_wconf 72' lang='grc' dir='ltr'><strong><em>ὑπομνημάτων</em></strong></span> <span class='ocrx_word' id='word_1_161' title='bbox 312 2305 332 2373; x_wconf 80' lang='lat' dir='ltr'>di</span> <span class='ocrx_word' id='word_1_162' title='bbox 355 2320 531 2394; x_wconf 73' lang='grc' dir='ltr'><strong><em>προσφωνεῖ</em></strong></span> <span class='ocrx_word' id='word_1_163' title='bbox 552 2315 675 2398; x_wconf 81' lang='grc' dir='ltr'><strong><em>Τιβερίῳ</em></strong></span> <span class='ocrx_word' id='word_1_164' title='bbox 699 2313 842 2394; x_wconf 80' lang='grc' dir='ltr'><strong><em>Καίσαρι,</em></strong></span> <span class='ocrx_word' id='word_1_165' title='bbox 868 2313 922 2373; x_wconf 91' lang='lat' dir='ltr'>nbi</span> <span class='ocrx_word' id='word_1_166' title='bbox 945 2313 1037 2374; x_wconf 87' lang='lat' dir='ltr'>verba</span> <span class='ocrx_word' id='word_1_167' title='bbox 1061 2307 1080 2374; x_wconf 79' lang='lat' dir='ltr'>d</span> 
     </span>
    </p>
   </div>
   <div class='ocr_carea' id='block_1_5' title="bbox 15 2455 1082 3567">
    <p class='ocr_par' dir='ltr' id='par_1_6' title="bbox 57 2455 1079 2608">
     <span class='ocr_line' id='line_1_24' title="bbox 57 2455 1079 2528; baseline -0.001 -17"><span class='ocrx_word' id='word_1_168' title='bbox 57 2517 61 2524; x_wconf 22' lang='lat'><strong>⁴</strong></span> <span class='ocrx_word' id='word_1_169' title='bbox 138 2458 164 2525; x_wconf 93' lang='lat'>1)</span> <span class='ocrx_word' id='word_1_170' title='bbox 191 2455 230 2514; x_wconf 84' lang='lat' dir='ltr'>Cf.</span> <span class='ocrx_word' id='word_1_171' title='bbox 250 2457 352 2513; x_wconf 88' lang='lat' dir='ltr'>Athen.</span> <span class='ocrx_word' id='word_1_172' title='bbox 376 2459 389 2512; x_wconf 93' lang='lat' dir='ltr'>I</span> <span class='ocrx_word' id='word_1_173' title='bbox 412 2478 438 2528; x_wconf 92' lang='lat' dir='ltr'>p.</span> <span class='ocrx_word' id='word_1_174' title='bbox 459 2457 521 2526; x_wconf 73' lang='lat'>22‘13</span> <span class='ocrx_word' id='word_1_175' title='bbox 549 2455 678 2512; x_wconf 89' lang='lat' dir='ltr'>Aristocl.</span> <span class='ocrx_word' id='word_1_176' title='bbox 702 2474 747 2528; x_wconf 91' lang='lat' dir='ltr'>ap.</span> <span class='ocrx_word' id='word_1_177' title='bbox 770 2457 872 2512; x_wconf 86' lang='lat' dir='ltr'>Enseb.</span> <span class='ocrx_word' id='word_1_178' title='bbox 892 2475 937 2526; x_wconf 84' lang='lat' dir='ltr'>pr.</span> <span class='ocrx_word' id='word_1_179' title='bbox 957 2473 994 2512; x_wconf 83' lang='lat' dir='ltr'>eo.</span> <span class='ocrx_word' id='word_1_180' title='bbox 1013 2455 1079 2510; x_wconf 89' lang='lat' dir='ltr'>XIV</span> 
     </span>
     <span class='ocr_line' id='line_1_25' title="bbox 65 2537 698 2608; baseline 0.003 -18"><span class='ocrx_word' id='word_1_181' title='bbox 65 2541 107 2605; x_wconf 83' lang='lat'>18,</span> <span class='ocrx_word' id='word_1_182' title='bbox 128 2541 161 2591; x_wconf 82' lang='lat'>28</span> <span class='ocrx_word' id='word_1_183' title='bbox 180 2555 207 2606; x_wconf 87' lang='lat' dir='ltr'>p.</span> <span class='ocrx_word' id='word_1_184' title='bbox 229 2543 293 2592; x_wconf 61' lang='grc' dir='ltr'>763(Ξ</span> <span class='ocrx_word' id='word_1_185' title='bbox 311 2541 340 2592; x_wconf 88' lang='lat' dir='ltr'>et</span> <span class='ocrx_word' id='word_1_186' title='bbox 357 2557 383 2596; x_wconf 85' lang='lat' dir='ltr'>v.</span> <span class='ocrx_word' id='word_1_187' title='bbox 404 2556 489 2608; x_wconf 87' lang='lat' dir='ltr'>supra</span> <span class='ocrx_word' id='word_1_188' title='bbox 506 2556 533 2608; x_wconf 89' lang='lat' dir='ltr'>p.</span> <span class='ocrx_word' id='word_1_189' title='bbox 554 2544 570 2593; x_wconf 88' lang='lat'>8</span> <span class='ocrx_word' id='word_1_190' title='bbox 589 2537 653 2592; x_wconf 91' lang='lat' dir='ltr'>adn.</span> <span class='ocrx_word' id='word_1_191' title='bbox 673 2544 698 2592; x_wconf 88' lang='grc'>3.</span> 
     </span>
    </p>

    <p class='ocr_par' dir='ltr' id='par_1_7' title="bbox 15 2614 1082 3152">
     <span class='ocr_line' id='line_1_26' title="bbox 135 2614 1082 2688; baseline -0.001 -17"><span class='ocrx_word' id='word_1_192' title='bbox 135 2618 163 2686; x_wconf 79' lang='lat'>2)</span> <span class='ocrx_word' id='word_1_193' title='bbox 182 2618 310 2672; x_wconf 83' lang='lat' dir='ltr'>Eundem</span> <span class='ocrx_word' id='word_1_194' title='bbox 328 2619 432 2673; x_wconf 89' lang='lat' dir='ltr'>librum</span> <span class='ocrx_word' id='word_1_195' title='bbox 450 2619 487 2674; x_wconf 91' lang='lat' dir='ltr'>ab</span> <span class='ocrx_word' id='word_1_196' title='bbox 504 2617 651 2674; x_wconf 81' lang='lat' dir='ltr'>Athenaeo</span> <span class='ocrx_word' id='word_1_197' title='bbox 665 2619 731 2673; x_wconf 87' lang='lat' dir='ltr'>VIII</span> <span class='ocrx_word' id='word_1_198' title='bbox 749 2637 776 2688; x_wconf 90' lang='lat' dir='ltr'>p.</span> <span class='ocrx_word' id='word_1_199' title='bbox 792 2624 858 2673; x_wconf 74' lang='lat'>348⁰</span> <span class='ocrx_word' id='word_1_200' title='bbox 872 2620 901 2673; x_wconf 86' lang='lat' dir='ltr'>et</span> <span class='ocrx_word' id='word_1_201' title='bbox 914 2617 953 2670; x_wconf 90' lang='lat' dir='ltr'>XI</span> <span class='ocrx_word' id='word_1_202' title='bbox 967 2636 993 2687; x_wconf 87' lang='lat' dir='ltr'>p.</span> <span class='ocrx_word' id='word_1_203' title='bbox 1011 2614 1082 2671; x_wconf 72' lang='lat' dir='ltr'>505b</span> 
     </span>
     <span class='ocr_line' id='line_1_27' title="bbox 62 2696 1080 2769; baseline 0.001 -19"><span class='ocrx_word' id='word_1_204' title='bbox 62 2696 174 2750; x_wconf 87' lang='lat' dir='ltr'>laudari</span> <span class='ocrx_word' id='word_1_205' title='bbox 192 2700 273 2765; x_wconf 90' lang='lat' dir='ltr'>putat</span> <span class='ocrx_word' id='word_1_206' title='bbox 291 2697 519 2753; x_wconf 80' lang='lat' dir='ltr'>Panzerbieterus</span> <span class='ocrx_word' id='word_1_207' title='bbox 543 2696 572 2751; x_wconf 92' lang='lat' dir='ltr'>in</span> <span class='ocrx_word' id='word_1_208' title='bbox 590 2697 671 2752; x_wconf 87' lang='lat' dir='ltr'>Iahni</span> <span class='ocrx_word' id='word_1_209' title='bbox 694 2699 784 2753; x_wconf 90' lang='lat' dir='ltr'>annal.</span> <span class='ocrx_word' id='word_1_210' title='bbox 806 2698 897 2769; x_wconf 87' lang='lat' dir='ltr'>suppl.</span> <span class='ocrx_word' id='word_1_211' title='bbox 916 2699 942 2754; x_wconf 91' lang='lat' dir='ltr'>V</span> <span class='ocrx_word' id='word_1_212' title='bbox 964 2717 992 2768; x_wconf 91' lang='lat' dir='ltr'>p.</span> <span class='ocrx_word' id='word_1_213' title='bbox 1011 2702 1080 2766; x_wconf 77' lang='lat'>215;-</span> 
     </span>
     <span class='ocr_line' id='line_1_28' title="bbox 63 2776 1078 2848; baseline 0.002 -18"><span class='ocrx_word' id='word_1_214' title='bbox 63 2776 114 2830; x_wconf 89' lang='lat' dir='ltr'>sed</span> <span class='ocrx_word' id='word_1_215' title='bbox 145 2777 235 2831; x_wconf 89' lang='lat' dir='ltr'>altero</span> <span class='ocrx_word' id='word_1_216' title='bbox 262 2776 324 2832; x_wconf 87' lang='lat' dir='ltr'>loco</span> <span class='ocrx_word' id='word_1_217' title='bbox 351 2777 513 2833; x_wconf 87' lang='lat' dir='ltr'>Athenaeus</span> <span class='ocrx_word' id='word_1_218' title='bbox 539 2776 639 2831; x_wconf 85' lang='lat' dir='ltr'>Niciae</span> <span class='ocrx_word' id='word_1_219' title='bbox 671 2777 819 2832; x_wconf 85' lang='lat' dir='ltr'>historiam</span> <span class='ocrx_word' id='word_1_220' title='bbox 846 2777 1078 2848; x_wconf 89' lang='lat' dir='ltr'>philosophorum</span> 
     </span>
     <span class='ocr_line' id='line_1_29' title="bbox 61 2855 1078 2926; baseline 0.001 -17"><span class='ocrx_word' id='word_1_221' title='bbox 61 2855 169 2926; x_wconf 88' lang='lat' dir='ltr'>pariter</span> <span class='ocrx_word' id='word_1_222' title='bbox 182 2855 335 2926; x_wconf 76' lang='lat' dir='ltr'>exscripsit</span> <span class='ocrx_word' id='word_1_223' title='bbox 352 2859 437 2924; x_wconf 88' lang='lat' dir='ltr'>atque</span> <span class='ocrx_word' id='word_1_224' title='bbox 451 2855 490 2910; x_wconf 93' lang='lat' dir='ltr'>IV</span> <span class='ocrx_word' id='word_1_225' title='bbox 503 2875 530 2926; x_wconf 90' lang='lat' dir='ltr'>p.</span> <span class='ocrx_word' id='word_1_226' title='bbox 548 2863 620 2923; x_wconf 79' lang='lat'>162⁶,</span> <span class='ocrx_word' id='word_1_227' title='bbox 638 2857 687 2910; x_wconf 91' lang='lat' dir='ltr'>ubi</span> <span class='ocrx_word' id='word_1_228' title='bbox 705 2856 817 2912; x_wconf 86' lang='lat' dir='ltr'>disertis</span> <span class='ocrx_word' id='word_1_229' title='bbox 833 2857 926 2912; x_wconf 83' lang='lat' dir='ltr'>verbis</span> <span class='ocrx_word' id='word_1_230' title='bbox 944 2857 1078 2911; x_wconf 87' lang='lat' dir='ltr'>landatur</span> 
     </span>
     <span class='ocr_line' id='line_1_30' title="bbox 15 2931 1076 3005; baseline 0 -17"><span class='ocrx_word' id='word_1_231' title='bbox 15 2939 16 2944; x_wconf 77' lang='grc'>’</span> <span class='ocrx_word' id='word_1_232' title='bbox 63 2936 181 2990; x_wconf 83' lang='grc' dir='ltr'><strong><em>Σωτίων</em></strong></span> <span class='ocrx_word' id='word_1_233' title='bbox 195 2932 210 2990; x_wconf 87' lang='grc' dir='ltr'><strong>ὁ</strong></span> <span class='ocrx_word' id='word_1_234' title='bbox 223 2932 418 3005; x_wconf 77' lang='grc' dir='ltr'><strong><em>Ἀλεξανδρεὺς</em></strong></span> <span class='ocrx_word' id='word_1_235' title='bbox 438 2931 469 2990; x_wconf 82' lang='grc' dir='ltr'>ίν</span> <span class='ocrx_word' id='word_1_236' title='bbox 487 2941 549 2998; x_wconf 83' lang='grc' dir='ltr'><strong><em>ταῖς</em></strong></span> <span class='ocrx_word' id='word_1_237' title='bbox 569 2937 764 3004; x_wconf 73' lang='grc' dir='ltr'><strong><em>διαδοχαῖςς</em></strong></span> <span class='ocrx_word' id='word_1_238' title='bbox 784 2947 875 3004; x_wconf 86' lang='lat' dir='ltr'>neque</span> <span class='ocrx_word' id='word_1_239' title='bbox 893 2935 998 2989; x_wconf 86' lang='lat' dir='ltr'>maiore</span> <span class='ocrx_word' id='word_1_240' title='bbox 1013 2951 1076 3003; x_wconf 91' lang='lat' dir='ltr'>pro·</span> 
     </span>
     <span class='ocr_line' id='line_1_31' title="bbox 62 3012 1078 3086; baseline -0.002 -16"><span class='ocrx_word' id='word_1_241' title='bbox 62 3015 213 3076; x_wconf 79' lang='lat' dir='ltr'>habilitate</span> <span class='ocrx_word' id='word_1_242' title='bbox 236 3016 358 3086; x_wconf 88' lang='lat' dir='ltr'>priorem</span> <span class='ocrx_word' id='word_1_243' title='bbox 380 3015 474 3072; x_wconf 88' lang='lat' dir='ltr'>locum</span> <span class='ocrx_word' id='word_1_244' title='bbox 498 3031 516 3068; x_wconf 88' lang='lat' dir='ltr'>a</span> <span class='ocrx_word' id='word_1_245' title='bbox 533 3012 686 3069; x_wconf 84' lang='lat' dir='ltr'>notissimis</span> <span class='ocrx_word' id='word_1_246' title='bbox 706 3013 829 3070; x_wconf 76' lang='lat' dir='ltr'>SotIonis</span> <span class='ocrx_word' id='word_1_247' title='bbox 848 3012 1078 3068; x_wconf 76' lang='lat' dir='ltr'>successionibus</span> 
     </span>
     <span class='ocr_line' id='line_1_32' title="bbox 63 3094 908 3152; baseline 0.002 -4"><span class='ocrx_word' id='word_1_248' title='bbox 63 3094 215 3152; x_wconf 89' lang='lat' dir='ltr'>abiudieee.</span> <span class='ocrx_word' id='word_1_249' title='bbox 900 3113 908 3125; x_wconf 73' lang='lat'>.</span> 
     </span>
    </p>

    <p class='ocr_par' dir='ltr' id='par_1_8' title="bbox 134 3172 1076 3245">
     <span class='ocr_line' id='line_1_33' title="bbox 134 3172 1076 3245; baseline -0.001 -15"><span class='ocrx_word' id='word_1_250' title='bbox 134 3177 162 3245; x_wconf 83' lang='lat'>3)</span> <span class='ocrx_word' id='word_1_251' title='bbox 180 3175 267 3231; x_wconf 88' lang='lat' dir='ltr'>Velut</span> <span class='ocrx_word' id='word_1_252' title='bbox 285 3176 316 3232; x_wconf 81' lang='lat' dir='ltr'>G.</span> <span class='ocrx_word' id='word_1_253' title='bbox 336 3175 356 3231; x_wconf 95' lang='lat' dir='ltr'>I.</span> <span class='ocrx_word' id='word_1_254' title='bbox 377 3175 507 3242; x_wconf 86' lang='lat' dir='ltr'>Vossius,</span> <span class='ocrx_word' id='word_1_255' title='bbox 531 3175 564 3229; x_wconf 84' lang='lat' dir='ltr'>de</span> <span class='ocrx_word' id='word_1_256' title='bbox 584 3178 653 3242; x_wconf 81' lang='lat' dir='ltr'>poet</span> <span class='ocrx_word' id='word_1_257' title='bbox 674 3173 722 3230; x_wconf 75' lang='lat' dir='ltr'>Gr.</span> <span class='ocrx_word' id='word_1_258' title='bbox 741 3191 768 3242; x_wconf 88' lang='lat' dir='ltr'>p.</span> <span class='ocrx_word' id='word_1_259' title='bbox 789 3179 836 3241; x_wconf 76' lang='lat'>62,</span> <span class='ocrx_word' id='word_1_260' title='bbox 860 3175 893 3228; x_wconf 82' lang='lat' dir='ltr'>de</span> <span class='ocrx_word' id='word_1_261' title='bbox 910 3174 1004 3229; x_wconf 77' lang='lat' dir='ltr'>histor.</span> <span class='ocrx_word' id='word_1_262' title='bbox 1026 3172 1076 3229; x_wconf 76' lang='lat' dir='ltr'>Gr.</span> 
     </span>
    </p>

    <p class='ocr_par' dir='ltr' id='par_1_9' title="bbox 18 3252 1076 3405">
     <span class='ocr_line' id='line_1_34' title="bbox 18 3252 1076 3328; baseline 0.001 -21"><span class='ocrx_word' id='word_1_263' title='bbox 18 3323 20 3328; x_wconf 69' lang='lat'>,</span> <span class='ocrx_word' id='word_1_264' title='bbox 61 3271 89 3323; x_wconf 93' lang='lat' dir='ltr'>p.</span> <span class='ocrx_word' id='word_1_265' title='bbox 105 3258 158 3308; x_wconf 81' lang='lat'>233</span> <span class='ocrx_word' id='word_1_266' title='bbox 172 3252 332 3321; x_wconf 86' lang='lat' dir='ltr'>Westerm.;</span> <span class='ocrx_word' id='word_1_267' title='bbox 353 3253 475 3320; x_wconf 84' lang='lat' dir='ltr'>lansius,</span> <span class='ocrx_word' id='word_1_268' title='bbox 494 3255 527 3308; x_wconf 84' lang='lat' dir='ltr'>de</span> <span class='ocrx_word' id='word_1_269' title='bbox 544 3253 638 3321; x_wconf 69' lang='lat' dir='ltr'>compl.</span> <span class='ocrx_word' id='word_1_270' title='bbox 658 3254 720 3308; x_wconf 72' lang='lat' dir='ltr'>aar.</span> <span class='ocrx_word' id='word_1_271' title='bbox 735 3254 806 3322; x_wconf 79' lang='lat' dir='ltr'>phil.</span> <span class='ocrx_word' id='word_1_272' title='bbox 825 3253 852 3306; x_wconf 91' lang='lat' dir='ltr'>ll</span> <span class='ocrx_word' id='word_1_273' title='bbox 871 3269 892 3308; x_wconf 92' lang='lat' dir='ltr'>c.</span> <span class='ocrx_word' id='word_1_274' title='bbox 915 3258 948 3307; x_wconf 90' lang='lat'>10</span> <span class='ocrx_word' id='word_1_275' title='bbox 967 3271 993 3323; x_wconf 92' lang='lat' dir='ltr'>p.</span> <span class='ocrx_word' id='word_1_276' title='bbox 1012 3259 1076 3321; x_wconf 77' lang='lat'>1663</span> 
     </span>
     <span class='ocr_line' id='line_1_35' title="bbox 61 3333 490 3405; baseline 0.002 -18"><span class='ocrx_word' id='word_1_277' title='bbox 61 3333 205 3389; x_wconf 78' lang='lat' dir='ltr'>Heclrerus</span> <span class='ocrx_word' id='word_1_278' title='bbox 223 3334 323 3405; x_wconf 90' lang='lat' dir='ltr'>philol.</span> <span class='ocrx_word' id='word_1_279' title='bbox 342 3335 367 3389; x_wconf 93' lang='lat' dir='ltr'>V</span> <span class='ocrx_word' id='word_1_280' title='bbox 386 3353 412 3404; x_wconf 93' lang='lat' dir='ltr'>p.</span> <span class='ocrx_word' id='word_1_281' title='bbox 429 3339 490 3388; x_wconf 79' lang='lat'>433.</span> 
     </span>
    </p>

    <p class='ocr_par' dir='ltr' id='par_1_10' title="bbox 52 3410 1082 3484">
     <span class='ocr_line' id='line_1_36' title="bbox 52 3410 1082 3484; baseline -0.007 -15"><span class='ocrx_word' id='word_1_282' title='bbox 52 3415 57 3424; x_wconf 83' lang='lat'>&#39;</span> <span class='ocrx_word' id='word_1_283' title='bbox 133 3415 161 3482; x_wconf 83' lang='grc'>4)</span> <span class='ocrx_word' id='word_1_284' title='bbox 186 3414 225 3469; x_wconf 83' lang='lat' dir='ltr'>cf.</span> <span class='ocrx_word' id='word_1_285' title='bbox 245 3430 317 3482; x_wconf 86' lang='lat' dir='ltr'>quae</span> <span class='ocrx_word' id='word_1_286' title='bbox 340 3415 375 3469; x_wconf 91' lang='lat' dir='ltr'>de</span> <span class='ocrx_word' id='word_1_287' title='bbox 394 3429 427 3469; x_wconf 88' lang='lat' dir='ltr'>eo</span> <span class='ocrx_word' id='word_1_288' title='bbox 446 3413 645 3484; x_wconf 88' lang='lat' dir='ltr'>congesserunt</span> <span class='ocrx_word' id='word_1_289' title='bbox 669 3410 796 3481; x_wconf 84' lang='lat' dir='ltr'>Clinton,</span> <span class='ocrx_word' id='word_1_290' title='bbox 823 3413 887 3480; x_wconf 78' lang='lat' dir='ltr'>fast.</span> <span class='ocrx_word' id='word_1_291' title='bbox 908 3413 1020 3467; x_wconf 74' lang='lat' dir='ltr'>Hellen..</span> <span class='ocrx_word' id='word_1_292' title='bbox 1034 3411 1082 3464; x_wconf 74' lang='lat' dir='ltr'>Ill</span> 
     </span>
    </p>

    <p class='ocr_par' dir='ltr' id='par_1_11' title="bbox 60 3489 794 3567">
     <span class='ocr_line' id='line_1_37' title="bbox 60 3489 794 3567; baseline 0.003 -19"><span class='ocrx_word' id='word_1_293' title='bbox 60 3510 87 3562; x_wconf 93' lang='lat' dir='ltr'>p.</span> <span class='ocrx_word' id='word_1_294' title='bbox 104 3497 157 3548; x_wconf 80' lang='lat'>555</span> <span class='ocrx_word' id='word_1_295' title='bbox 178 3496 207 3548; x_wconf 88' lang='lat' dir='ltr'>et</span> <span class='ocrx_word' id='word_1_296' title='bbox 224 3489 371 3564; x_wconf 74' lang='lat' dir='ltr'>liuderus,</span> <span class='ocrx_word' id='word_1_297' title='bbox 390 3494 445 3566; x_wconf 73' lang='lat' dir='ltr'>sry.</span> <span class='ocrx_word' id='word_1_298' title='bbox 464 3495 528 3552; x_wconf 83' lang='lat' dir='ltr'>bist.</span> <span class='ocrx_word' id='word_1_299' title='bbox 550 3492 600 3552; x_wconf 82' lang='lat' dir='ltr'>Gr.</span> <span class='ocrx_word' id='word_1_300' title='bbox 618 3493 656 3550; x_wconf 88' lang='lat' dir='ltr'>IV</span> <span class='ocrx_word' id='word_1_301' title='bbox 677 3513 708 3567; x_wconf 90' lang='lat' dir='ltr'>p.</span> <span class='ocrx_word' id='word_1_302' title='bbox 726 3499 794 3550; x_wconf 68' lang='lat' dir='ltr'>tlt.</span> 
     </span>
    </p>
   </div>
   <div class='ocr_carea' id='block_1_6' title="bbox 0 0 1230 3832">
    <p class='ocr_par' dir='ltr' id='par_1_12' title="bbox 0 0 1230 3832">
     <span class='ocr_line' id='line_1_38' title="bbox 0 0 1230 3832; baseline 0 1"><span class='ocrx_word' id='word_1_303' title='bbox 0 0 1230 3832; x_wconf 95' lang='lat' dir='ltr'> </span> 
     </span>
    </p>
   </div>
  </div>
 </body>
</html>
