2452 3832
467 131 686 194 ..79-

71 287 178 370 νικοῦ>
198 289 368 372 γενομένου,
388 293 578 354 Nietzsohius
597 296 738 355 similiter
755 297 807 355 τοῦ
825 293 875 355 καὶ
896 289 987 358 αὐτοῦ
1005 318 1086 377 γενο-

71 387 163 467 μένου
179 385 361 468 <αυνικοῦ>;
380 395 482 450 temen
500 411 560 451 non
578 393 747 453 mutatione
766 393 818 452 sed
836 393 1085 470 interpretatione

70 507 147 566 opus
169 507 233 548 esse
256 489 390 548 Moesius
412 491 573 568 perspexit,
597 491 650 567 qui
674 490 777 550 docuit
794 491 961 569 Diogenem
983 493 1085 569 negle-

70 590 177 666 genter
195 586 386 664 descn‘psisse
405 587 497 647 verba
510 588 634 664 Dioclis,
653 589 734 665 apud
753 608 843 665 quem
862 589 923 649 fuit
940 591 992 649 τοῦ
1010 582 1082 648 καθ’

68 677 148 762 ἡμᾶς
173 680 335 762 γενομένου
364 675 410 763 (et
436 684 513 744 vixit
540 686 572 744 in
594 686 693 762 priore
718 686 831 745 saeculi
854 705 880 744 a.
905 684 972 745 Chr.
995 686 1085 762 primi

69 785 157 858 perte
175 774 321 862 Diocles).
359 781 478 843 sublato
502 783 599 860 igitur
622 803 682 860 quo
706 787 800 846 antea
817 783 962 844 obstricta
980 788 1012 844 et
1029 783 1084 843 im·

69 879 174 956 pedite
197 884 269 938 erat
286 881 424 957 quaestio
447 881 620 941 testimonio
640 900 676 939 ex
695 879 762 940 aliis
782 881 983 958 argumentis,
1008 899 1085 958 quae

70 976 184 1053 optime
203 978 342 1054 exposuit
359 978 548 1037 Nietzschius
557 969 593 1057 ¹),
616 979 811 1038 statuendum
833 982 880 1037 est
902 979 999 1038 medio
1023 979 1085 1038 iere

68 1075 161 1134 tertio
196 1076 315 1134 saeculo
347 1075 524 1152 Menippum
555 1075 677 1153 vixisse,
712 1075 846 1135 Timonis
879 1079 910 1135 et
939 1075 1087 1136 Arcesilai

69 1174 236 1250 aequalem.

137 1279 195 1338 Hic
223 1279 319 1358 igitur
345 1279 517 1358 Menippus,
550 1299 639 1357 quem
671 1280 861 1340 acerbissime
889 1281 1084 1358 philosophos

69 1381 206 1437 mortuos
234 1371 358 1437 irridere
382 1379 518 1438 videmus
541 1378 573 1436 in
595 1379 722 1438 Luciani
750 1379 882 1458 scriptis,
910 1379 995 1441 viros
1018 1379 1085 1437 irri-
1116 1441 1118 1450 ,

70 1475 145 1534 sisse
164 1475 304 1535 audimus
323 1495 359 1535 ex
377 1476 511 1554 Diogene
531 1476 612 1553 apud
625 1477 758 1555 Luciam,
776 1482 858 1537 mort.
873 1479 977 1553 dialog.
992 1478 1007 1536 I
1023 1468 1085 1558 1²),

70 1573 249 1650 conscripsit
272 1573 310 1632 ad
332 1573 526 1650 philosophos
549 1574 741 1650 potissimum
766 1575 953 1651 sugillandos
977 1575 1085 1633 satiras

68 1689 161 1748 prosa
190 1672 326 1731 oratione
349 1671 401 1730 sed
424 1690 490 1730 eam
513 1671 646 1732 sanavit
667 1671 812 1730 immixtis
835 1671 946 1732 diversi
968 1670 1086 1748 generis

69 1767 207 1828 versibus
225 1769 358 1845 parodiis
377 1767 503 1827 facetiis.
534 1768 615 1845 quod
633 1769 678 1828 ita
696 1787 760 1827 sese
778 1767 897 1844 habere,
915 1767 973 1828 etsi
986 1769 1086 1826 cetera

70 1866 173 1924 omnia
201 1868 337 1927 deessent
363 1859 550 1943 testimonia,
578 1867 639 1925 iam
666 1867 741 1926 satis
768 1867 1026 1925 demonstraretur
1050 1884 1085 1924 ec

70 1964 153 2041 quod
175 1964 272 2024 Varro
295 1964 472 2040 Menippeus
496 1968 622 2024 vocatus
646 1955 726 2044 esti)
751 1963 788 2023 ob
813 1966 932 2023 saturas
956 1963 1085 2040 cynices

70 2080 148 2139 quas
175 2063 228 2121 ille
254 2062 430 2139 Menippeas
457 2053 656 2143 appellarit4)
685 2065 716 2120 et
743 2060 926 2139 composuit,
958 2065 994 2121 ut
1021 2061 1085 2138 ipse

69 2159 128 2236 ait,
153 2152 340 2234 ‘Menippum
362 2158 515 2235 imitatus,
538 2177 597 2217 non
620 2151 893 2239 interpretatus'i).

140 2263 223 2334 Quae
241 2263 333 2333 verba
348 2265 437 2324 aliter
450 2264 594 2342 explicari
608 2269 763 2344 nequeunt
776 2265 834 2324 nisi
848 2267 900 2343 ita,
914 2269 951 2325 ut
965 2283 1085 2325 censeas

68 2364 238 2422 Varronem
260 2361 435 2441 Menippeas
458 2364 610 2441 exemplar
633 2362 690 2424 sibi
712 2363 919 2440 proposuisse,
951 2362 1032 2439 quod
1054 2363 1086 2421 in

69 2460 161 2520 rebus
185 2459 323 2520 omnibus
347 2453 550 2540 gravioribus,
573 2463 605 2520 in
627 2465 694 2522 tote
712 2464 823 2522 natura
842 2479 876 2520 ac
895 2460 996 2519 indole
1019 2459 1085 2518 imi·

70 2558 164 2617 tando
193 2559 397 2635 exprimeret·
421 2559 565 2620 Varronis
598 2564 699 2620 autem
728 2563 849 2619 saturae
878 2591 919 2600 -
944 2561 980 2617 ut
1006 2576 1086 2616 nuno

71 2658 191 2715 constat
213 2657 405 2733 potissimum
427 2676 482 2734 per
500 2659 653 2737 egregiam
671 2656 849 2718 Buecheleri
868 2647 1023 2736 operam⁶)
1045 2686 1083 2696 —-

148 2914 173 2982 1)
193 2913 370 2969 Nietzschius
389 2933 449 2984 prg.
469 2933 489 2970 s.
509 2932 543 2982 ος
570 2914 674 2970 similia
695 2911 832 2970 nonnulla
854 2913 912 2968 iem
930 2901 1085 2967 Fritzchius

72 2993 180 3063 proleg.
205 2994 234 3049 in
253 2993 366 3049 Lucian.
383 3011 410 3062 p.
430 2993 574 3049 XXXVIII
596 2993 727 3066 protulit3
755 2992 904 3048 assentitur
926 2991 1086 3046 Nietzechio

73 3074 211 3144 ZeIIerne,
230 3076 292 3130 test.
306 3075 377 3144 phil.
397 3073 446 3131 Gr.
465 3073 492 3127 II
512 3073 540 3127 1Ε
558 3092 585 3144 p.
604 3079 656 3128 246
671 3092 711 3142 sq.

146 3167 174 3233 2)
194 3167 251 3218 τῶν
270 3158 420 3235 ἐριζόντων
443 3158 513 3234 πρὸς
537 3157 672 3232 ἀλλήλους
694 3159 859 3229 φιλοσόφων
878 3158 1084 3228 καταγελῶντα.

195 3253 235 3310 cf.
254 3252 355 3314 Athen.
375 3252 415 3308 IV
433 3271 459 3323 p.
482 3257 558 3319 16003
577 3250 689 3316 Amob,
708 3251 770 3305 odo.
789 3254 858 3319 pent.
879 3248 918 3302 VI
936 3253 978 3303 23.

146 3255 174 3413 ii
194 3343 234 3398 cf.
256 3343 337 3414 Gen,
354 3348 424 3399 νοολ.
443 3343 501 3397 Art.
521 3340 547 3395 11
568 3345 613 3406 183
632 3337 764 3404 Macrob,
783 3342 888 3392 saturo.
909 3334 922 3388 I
942 3341 983 3390 11.

146 3433 172 3500 5)
192 3433 267 3500 apud
286 3430 355 3500 Oia,
375 3433 453 3488 acad.
468 3436 540 3502 poet.
559 3429 572 3482 Ι
590 3434 615 3484 8.

147 3523 176 3589 d)
194 3519 267 3575 Vide
286 3521 345 3576 eius
365 3519 632 3577 commentationem
646 3517 874 3588 ‘amovendos
886 3529 923 3568 ao
934 3509 1099 3565 Il-WW‘*
