2452 3832
537 142 757 206 ..26-

134 309 240 386 probo,
264 326 333 366 cum
352 308 453 368 obstet
476 307 608 387 catalogi
629 305 877 384 pinacographici
900 305 1067 381 dispositio,
1092 317 1166 382 qua·

137 410 277 468 vetamur
312 425 350 465 ne
387 406 443 465 hoc
479 406 545 464 loco
582 422 703 480 prosam
739 402 906 463 orationem
947 402 1157 463 admittamus.

137 503 251 563 rectius
270 503 375 562 eadem
393 501 526 561 carmina
545 501 715 579 significata
734 499 798 560 esse
818 499 979 560 credideris
998 500 1156 562 chaertio

136 601 227 678 Diog.
246 601 290 660 IX
310 603 388 660 110:
411 593 549 679 ἐγνώσθη
573 590 704 680 (Τίμων)
728 595 778 657 καί
796 591 955 678 Ἀντιγόνῳ
978 599 1018 681 τῷ
1041 597 1162 676 βασιλεῖ

137 695 189 757 καί
211 698 383 781 Πτολεμαίῳ
406 700 446 782 τῷ
471 693 646 778 Φιλαδέλφῳ
676 688 716 768 ὡς
743 687 832 766 αὐτὸς
859 691 892 754 ἐν
917 698 978 768 τοῖς
1006 688 1157 773 ἰάμβοις

138 787 218 877 αὑτῷ
242 799 387 874 μαρτυρεῖ.
434 798 514 854 certe
537 813 598 853 non
620 794 744 860 cstcur
770 785 889 870 ἰάμβοις
915 810 985 852 cum
1007 792 1156 852 Wilamo·

137 892 238 952 witrio
272 912 301 968 p.
325 891 367 950 42
395 893 548 951 mutemus
580 891 612 948 in
644 887 810 967 ίνδαλμοῐς;
843 892 935 966 atque
968 908 1059 966 quam
1091 890 1156 950 late
1189 919 1193 928 ·

137 989 308 1058 iamborum
333 1008 443 1049 nomen
471 988 553 1065 apud
580 987 664 1046 illius
692 986 802 1048 aetatis
825 987 986 1064 scriptores
1008 987 1156 1064 patuerit,

133 1085 309 1162 Asopodori
334 1085 463 1146 Phliasii
490 1085 626 1161 exemplo
655 1084 768 1160 optime
798 1085 1035 1161 demonstratur,
1066 1084 1156 1144 cuius

138 1183 171 1243 οί
185 1176 391 1263 καταλογάδην
409 1181 511 1261 ἴαμβοι
530 1181 567 1240 ab
586 1181 742 1240 Athenaeo
756 1183 785 1240 X
802 1202 832 1258 p.
846 1183 928 1241 445⁸
945 1181 1110 1242 laudantur
1118 1174 1157 1263 ¹).

205 1280 343 1358 Denique
373 1279 515 1340 cinaedi
548 1279 653 1355 quales
685 1279 800 1338 fuerint
830 1280 935 1356 paullo
964 1279 1156 1339 enucleatius

137 1378 356 1455 exponendum.
383 1379 440 1437 hoc
458 1378 577 1437 nomine
596 1377 729 1453 primum
745 1377 978 1453 appellabantur
992 1377 1157 1436 saltatores

138 1475 252 1534 mimici
270 1475 323 1551 qui
342 1477 373 1548 et
390 1473 450 1551 ipsi
467 1467 704 1538 modulantibus
717 1467 801 1534 tibiis
825 1474 975 1534 sambucis
997 1475 1065 1534 aliis
1085 1493 1157 1534 oan-

138 1565 288 1654 abac).
321 1576 408 1631 erant
431 1575 534 1631 autem
553 1573 590 1631 ab
610 1574 653 1632 eis
673 1575 795 1632 cantata
814 1571 947 1631 carmina
965 1569 1158 1650 ολγαρακτη-

41 1673 44 1677 ’
138 1661 280 1752 ρισμοίῧ),
305 1670 415 1747 quibus
442 1688 533 1746 quam
561 1671 650 1730 facile
678 1669 785 1730 lascivi
807 1669 964 1747 potuerint
991 1669 1157 1728 immisceri

139 1767 198 1827 ioci
217 1772 352 1845 apparot,
372 1768 554 1834 etcarmina
567 1768 723 1845 maledica,
741 1769 872 1844 utputa
890 1767 1012 1843 scripsit
1026 1765 1156 1825 Sotades

138 1864 310 1943 Βελιστίχην
327 1884 400 1943 erga
417 1865 610 1924 Belestichen
627 1865 760 1924 nobilem
778 1863 946 1924 Ptolemaei
961 1862 1157 1939 Philadelphi

138 1963 328 2022 meretricem
345 1965 377 2021 et
394 1963 586 2022 notissimum
599 1961 677 2020 illud
695 1959 728 2020 iu
746 1961 826 2039 regis
842 1980 910 2020 cum
929 1978 1030 2019 sorore
1048 1961 1155 2020 matri-

137 2061 274 2118 monium
292 2059 334 2132 είς
352 2053 406 2139 οὐχ
425 2053 511 2138 ὁσίην
528 2052 691 2136 τρυμαλιὴν
707 2051 739 2119 τὸ
759 2055 880 2136 κέντρον
899 2050 1032 2140 adolff).
1060 2063 1156 2135 atque

139 2156 255 2216 dudum
268 2177 287 2216 a
300 2156 456 2241 λυσιῳδοῖς
470 2160 502 2216 et
513 2155 654 2239 σιμῳδοῖς
668 2156 834 2216 exercitum
847 2157 904 2216 hoc
917 2174 1043 2233 poeseos
1057 2175 1156 2233 genus

138 2272 210 2342 sanc
230 2273 264 2314 eo
283 2259 418 2332 tempore
437 2254 572 2314 effloruit
592 2273 610 2312 a
629 2254 740 2314 Sotade
759 2253 931 2313 Alexandro
950 2253 1061 2312 Aetolo
1085 2253 1156 2313 aliis

138 2345 339 2435 excultum5),
363 2372 382 2411 a
400 2353 510 2430 quibus
533 2353 565 2410 in
583 2351 805 2428 mythologiam
822 2350 1013 2426 potissimum
1032 2350 1157 2434 videtur

104 2443 105 2448 ’
136 2468 315 2512 conversum
321 2442 361 2532 ⁶);
376 2445 409 2508 hi
421 2454 524 2509 tamen
537 2449 692 2508 recitanda
707 2451 829 2507 tantum
841 2448 916 2507 haec
931 2447 1063 2506 carmina
1073 2467 1156 2508 com-

212 2691 237 2759 1)
257 2689 297 2744 cf.
317 2687 442 2755 Luciam,
461 2683 502 2744 bis
520 2704 608 2744 accus.
628 2693 675 2754 33,
694 2686 820 2756 Aristot,
838 2687 936 2742 rhetor.
955 2687 995 2740 ΙΙΙ
1015 2692 1056 2742 17.

137 2858 171 2912 λ
185 2775 465 2928 ιλξλλῖξῗῗλ
475 2777 622 2924 tilloit
634 2777 729 2921 llll·
748 2774 1156 2924 portua-..aar

137 2939 262 2993 dariuma
279 2938 328 2992 der
352 2935 427 2991 Villo
446 2936 561 3004 Pamfilr'
581 2935 611 2989 in
630 2937 778 2990 comment.
797 2935 853 2992 litt.
872 2935 950 2991 acad.
970 2934 1067 2990 bavar.
1086 2934 1098 2989 I
1118 2933 1158 2992 cl.

137 3019 206 3073 tom.
225 3015 292 3071 Vlll
309 3018 383 3085 part.
403 3015 429 3070 ΙΙ
447 3035 475 3086 p.
495 3021 627 3070 aar-59.

211 3108 239 3175 3)
258 3103 299 3160 cf.
314 3104 406 3160 Strab.
421 3103 486 3159 XIV
500 3122 527 3173 p.
540 3109 591 3158 640
610 3100 775 3174 Κλεόμαχος
793 3098 990 3172 ἀπεμιμήσατο
1009 3099 1060 3173 τὴν
1079 3099 1155 3172 ἄγω-

137 3180 193 3253 γὴν
212 3184 268 3238 τῶν
287 3178 365 3252 παρὰ
386 3191 444 3246 τοῖς
462 3185 602 3246 κιναίδοις
621 3183 775 3239 διαλέκτων
795 3182 844 3237 καλ
862 3183 911 3251 τῆς
929 3177 1092 3252 ἠθοποιίας.

209 3273 238 3340 4)
257 3270 333 3325 Suid.
358 3291 384 3328 v.
409 3268 558 3341 Σωτάδηςς
588 3271 690 3329 Athen.
709 3271 774 3328 XIV
796 3291 824 3341 p.
844 3276 927 3340 621⁸3
950 3272 1102 3341 Plutarch..
1122 3276 1158 3330 dc

137 3351 214 3406 liber.
233 3352 308 3406 educ.
328 3368 351 3406 c.
372 3357 406 3405 14
424 3370 451 3421 p.
472 3353 531 3407 114.

204 3443 237 3506 6)
256 3439 294 3496 θλ
314 3440 482 3509 Malachiae,
502 3443 577 3515 οκαί.
596 3442 750 3497 Alexandr.
769 3459 797 3510 p.
811 3427 967 3496 'arr-24⁷.

187 3527 218 3592 6)
239 3527 281 3581 of.
301 3528 383 3585 Saia.
407 3549 431 3587 v.
452 3527 610 3602 Σωτάδης·
633 3528 689 3586 alai
708 3526 740 3610 dh
760 3524 849 3585 adrui
870 3531 935 3597 albu
950 3533 1077 3598 alsiosa,
1092 3528 1157 3586 οἷον
