2452 3832
466 92 685 158 ..43-

65 257 174 334 fuerit,
203 257 288 318 nullo
311 255 452 333 proditur
478 255 603 332 indici03
631 256 797 334 excogitari
823 257 922 316 multa
944 259 1082 333 possunt,

65 375 198 433 quorum
230 373 326 414 unum
358 354 528 430 exemplum
559 353 616 412 hoc
648 357 707 413 est:
742 353 855 431 „dicite
887 354 963 413 mihi
994 371 1081 431 nunc,
1127 343 1136 349 ⁵

65 454 220 530 quotquot
247 452 321 512 estis
349 451 502 528 sophistae
517 473 568 494 ¹-
592 471 646 513 vos
669 452 749 512 enim
772 450 857 512 scitis
886 451 999 529 omnia,
1027 468 1082 511 nos

20 618 28 632 ρ
66 568 139 611 vero
173 540 326 631 (sceptici)
358 549 435 608 nihil
466 569 521 626 pro
554 553 636 610 certo
667 547 812 609 habemus
846 540 888 630 (v.
914 550 1015 609 adnot.
1043 548 1083 608 ad

65 646 103 706 fr.
122 637 153 728 Ι)
173 677 229 723 -—,
257 646 406 724 quomodo
428 647 552 706 tandem
580 637 699 726 (ὅππως
722 637 759 722 δὴ
784 669 827 694 ==
850 639 980 726 11113)
1004 646 1081 706 veri·

65 746 164 804 tatem
185 744 283 821 ipsam
306 743 428 820 assequi
449 744 607 820 possimus.
649 741 740 801 audio
764 741 886 818 quidem
909 759 964 801 sua
986 761 1083 802 unum

66 859 230 918 quemque
250 844 386 901 vestrum
420 841 547 918 placIta.
567 842 790 901 asseverantem
821 838 977 899 verissima
1010 857 1082 898 esse.

64 937 120 998 sed
146 937 260 1014 placita
287 941 389 998 vestra
417 938 522 998 omnia
544 937 624 996 iuter
651 955 682 996 se
710 938 867 1014 pugnant:
892 936 960 1012 quis
986 936 1084 1014 igItur

65 1033 240 1111 probandus
264 1031 330 1094 est?
353 1034 409 1094 hoc
428 1037 464 1093 ut
482 1052 701 1112 cognoscerem,
723 1039 821 1110 nuper
842 1032 906 1109 ipse
924 1033 957 1091 in
971 1032 1083 1094 Orcum
1127 1103 1136 1118 Ι

65 1131 222 1209 profectus
251 1149 319 1190 sum
346 1135 377 1192 et
393 1131 532 1192 ‘narrabo
559 1131 646 1192 vobis
675 1149 753 1208 quae
775 1129 819 1188 ibi
833 1134 983 1206 ¹arpertus
1006 1149 1082 1190 sum.

67 1229 252 1305 simulatque
276 1228 427 1306 descendi,
450 1229 534 1288 audii
556 1248 702 1307 magnum
723 1228 905 1288 certantium
927 1229 1083 1288 hominum

65 1326 236 1399 tumultum
258 1329 354 1402 atque
373 1343 534 1406 aggressus
556 1327 620 1389 vidi
642 1326 818 1387 inmensam
835 1325 1015 1405 λονομοχίοιν
1037 1325 1082 1384 in·

65 1427 115 1483 ter
136 1423 332 1500 philosophos
355 1420 516 1484 exortam.“
552 1453 553 1456 ¹

114 1571 116 1576 .
135 1521 259 1597 Iamque
278 1521 416 1597 sequitur
435 1521 662 1581 enumeratio
681 1539 786 1580 eorum
804 1538 880 1598 quos
895 1521 1083 1597 conspexerit

66 1616 317 1693 philosophorum
343 1617 479 1694 apprime
501 1617 697 1678 accomodata
719 1616 758 1676 ad
780 1618 956 1694 catalogum
980 1635 1083 1676 eorum

68 1731 144 1790 quos
163 1713 267 1774 Vlixes
286 1715 318 1773 in
337 1713 413 1780 Orco
432 1714 554 1791 vident,
578 1711 702 1772 adiectis
725 1730 822 1788 usque
845 1713 951 1788 paucis
974 1712 1083 1789 verbis,

67 1811 179 1888 quibus
212 1815 320 1871 ⁴tamen
357 1811 529 1872 acutissime
563 1793 773 1870 ⁸deformentur
807 1809 900 1869 unius
936 1807 1083 1886 'cuiusque

5 1944 11 1954 ·
66 1927 165 1969 mores
188 1908 409 1985 praecipueque
433 1907 568 1966 certandi
590 1907 728 1968 virtutes,
775 1911 867 1984 atquc
889 1906 1083 1966 memorabile

66 2006 189 2084 quidem
213 2010 259 2065 est
282 2004 429 2068 eiusmodi
451 2004 607 2082 catalogos
630 2005 662 2064 in
684 2023 745 2064 usu
762 2005 856 2064 fuisse
873 2003 956 2080 apud
974 2002 1083 2062 Home·

65 2103 145 2163 ricos
168 2102 311 2178 parodos,
334 2104 370 2162 ut
393 2119 412 2159 a
429 2101 566 2162 Matrona
590 2102 672 2178 apud
689 2101 800 2162 Athen.
819 2101 895 2162 XIII
912 2102 1025 2177 p.i134
1040 2118 1084 2177 sq.
1131 2127 1138 2139 ·

66 2201 160 2277 longa
188 2197 279 2257 series
307 2199 465 2275 epularum
490 2197 523 2256 in
544 2199 693 2259 rationem
714 2199 937 2276 catalogorum·
952 2196 1086 2268 Νεκνίοις
1176 2203 1177 2206 ’

66 2301 99 2356 et
113 2294 257 2366 Βοιωτίας
271 2286 313 2376 (v.
329 2298 358 2354 4.
375 2297 425 2356 30.
441 2297 496 2372 363
512 2297 563 2354 22.
577 2297 630 2355 33.
645 2287 703 2376 50)
718 2297 921 2371 enumeratur,
936 2292 1085 2353 eteoclem

65 2397 130 2455 fere
157 2393 250 2453 'modo
277 2397 470 2456 recensentur
497 2394 529 2454 in
556 2393 670 2454 Iuliani
693 2390 872 2452 Caesaribus
900 2390 1014 2468 singuli
1040 2389 1085 2448 in·

65 2491 238 2570 gredientes
261 2490 465 2568 imperatores
512 2491 676 2551 solemnem
698 2507 770 2551 vero
793 2489 870 2548 hanc
893 2487 1085 2549 consuetudi-

66 2607 136 2648 nem
158 2588 251 2648 etiam
271 2607 289 2647 a
307 2592 398 2664 poeta
415 2589 550 2652 Phliasio
569 2589 601 2652 iu
620 2589 697 2650 sillis
716 2587 898 2648 adornandis
917 2585 1086 2646 adhibitam

67 2701 155 2762 esse‚²
171 2685 283 2744 adsunt
300 2686 383 2745 haud
400 2705 515 2762 paucae
535 2705 612 2764 quae
632 2685 799 2746 clarissime
816 2683 994 2745 confirment
1015 2683 1085 2743 reli-

66 2781 172 2859 quiae,
195 2781 333 2858 inprimis
357 2800 409 2840 eae
428 2782 460 2840 in
479 2782 589 2859 quibus
608 2783 701 2844 verba
720 2780 777 2842 καί,
788 2781 856 2843 ἴδον
874 2785 906 2841 ot
917 2780 1035 2858 similia
1054 2781 1086 2838 in

67 2879 185 2960 Νεκυίᾳ
208 2878 401 2956 frequentata
423 2880 621 2954 reperiantur.

135 2975 254 3040 Horum
272 2975 372 3054 igitur
393 2975 643 3054 philosophorum
666 2976 774 3037 Timon
797 2975 871 3034 dicit
895 2991 926 3032 se
948 2973 981 3032 in
1003 2973 1085 3048 prin-

68 3073 186 3150 cipibus
206 3073 395 3149 conspexisse
411 3072 619 3132 Democritum
637 3072 804 3150 περίφρονα
821 3066 948 3148 recepiret
966 3063 1086 3147 μύθων,

68 3165 220 3249 ἀμφίνοον
238 3171 362 3248 λεσχῆνα
381 3160 432 3250 (fr.
449 3161 495 3251 Π)
520 3173 551 3228 et
568 3169 775 3248 Pythagoram
792 3166 987 3248 σεμνηγορίης
1005 3159 1085 3244 ὀαρι·

69 3261 143 3344 στην
162 3259 213 3348 (fr.
228 3259 298 3348 111),
318 3271 385 3326 tum
403 3266 592 3326 Parmenidis
611 3265 682 3344 βίην
700 3257 909 3344 μεγαλόφρονα
932 3255 982 3345 (fr.
997 3255 1092 3343 1111),

68 3366 140 3425 dein
168 3365 295 3425 Zenonis
324 3365 450 3426 Eleatae
478 3356 761 3444 ἀμφοτερογλώσσου
794 3359 867 3442 μέγα
895 3358 1004 3434 σθένος
1024 3352 1087 3435 οὖν

68 3457 245 3524 ἀλαπαδνόν
272 3463 488 3541 Melissumque
516 3453 566 3545 (fr.
590 3453 633 3546 V)
664 3464 758 3540 atque
785 3460 923 3520 'Inalem
943 3448 1111 3536 &lawa
