2452 3832
63 152 184 192 rs.1.11
456 166 498 176 —-
545 131 585 194 91
634 167 675 176 -

65 284 142 353 quod
160 284 268 352 placuit
282 284 428 354 Natorpio,
448 285 560 340 Forsob.
575 302 598 341 e.
616 285 710 344 Gesob.
724 288 751 342 d.
761 287 1079 358 Erteoututssproblcms

64 376 157 442 (1884)
176 391 204 442 p.
225 377 275 428 159
295 373 359 427 adn.
379 375 416 442 21
437 374 534 443 μῦθον
552 375 581 428 Β
594 377 603 444 ΙΙ
624 393 651 430 v.
670 381 686 430 2
706 370 850 445 ἀμφίνοον
869 379 989 446 λεσχῆνα
1008 377 1078 433 Mei-

63 461 145 530 neke,
164 476 253 517 exerc.
272 461 340 532 phil.
355 460 385 516 in
398 461 500 518 Athen.
516 461 570 531 lp.
586 469 601 518 6
672 464 744 519 anal.
765 465 801 518 ad
815 465 881 520 Ath.
900 483 927 534 p.
948 472 982 522 26
1001 467 1078 521 ratus

63 548 166 619 λεσχήν
185 565 245 604 esse
260 550 348 604 exeis
367 550 460 605 verbis
479 550 631 619 dequibus
647 551 802 622 disputavit
817 553 938 622 Lobeok,
957 554 1076 625 paralip.

64 656 91 708 p.
105 644 215 707 191sq.:
230 634 373 708 ἀμφίνοον
387 637 488 708 λέσχην
502 637 663 708 (λέσχονΗ)
679 633 697 693 ἃ
713 639 791 705 libri;
807 635 958 710 ἄμφινόων
971 644 1078 712 λεσχῶν

67 721 235 791 melluch,
254 723 381 782 Democr.
397 727 450 797 frg.
464 745 492 797 p.
507 733 542 782 94
560 721 579 782 ἃ
595 727 678 782 simul
697 729 732 782 ud
747 724 858 798 μύθους
877 730 906 784 66
923 729 960 784 ad
979 729 1079 800 λέσχας

66 817 190 870 referens

63 916 279 928 οη--ι-α-ωι-η

134 994 229 1034 coum
258 974 314 1033 His
337 973 474 1034 versibus
492 993 673 1052 magnopere
692 974 900 1034 Democritum
918 993 936 1034 a
955 977 1080 1037 Timone

69 1071 278 1133 collaudatum
301 1089 365 1130 osse
388 1075 419 1130 et
441 1071 586 1150 Diogenis
614 1069 833 1132 sententiarum
861 1091 976 1133 conexu
999 1075 1079 1134 evin·

67 1171 148 1230 citur
173 1173 204 1229 et
226 1169 321 1245 ipsius
344 1169 388 1228 rei
412 1173 529 1228 natura.
575 1189 645 1228 nam
673 1171 777 1247 aliqua
804 1175 948 1247 exparte
971 1167 1079 1232 Dbmo·

67 1268 137 1327 criti
155 1267 234 1326 inter
252 1269 283 1326 et
295 1266 458 1342 Pyrrhonis
474 1268 668 1345 Timonisque
686 1269 800 1345 placita
818 1269 918 1328 ethica
932 1273 963 1329 et
981 1270 1080 1347 logica

66 1366 240 1427 convenisse
262 1367 299 1424 ut
321 1365 353 1423 in
375 1364 550 1425 universum
573 1366 688 1426 dudum
710 1371 817 1426 notum
841 1370 886 1426 est
908 1367 953 1426 ita
972 1386 1080 1444 nuper·

64 1465 141 1523 rime
169 1462 365 1541 singulariter
392 1463 562 1538 expositum
589 1462 627 1522 ab
650 1463 796 1540 Hirzelio‚
825 1464 998 1524 Ueterem
1022 1464 1080 1526 ou.
1143 1511 1146 1514 .

60 1561 167 1634 philos.
190 1559 270 1621 Scir.
293 1560 341 1618 ΠΙ
362 1581 391 1636 p.
417 1563 515 1637 Deqq.
544 1564 575 1620 et
602 1579 619 1618 a
642 1561 791 1636 Natorpio
814 1562 834 1620 l.
858 1579 880 1620 s.
903 1581 933 1636 p.
958 1563 1020 1620 159
1051 1564 1081 1620 et

67 1659 131 1716 286
147 1675 220 1734 sqq.‚
243 1656 297 1716 sed
318 1675 355 1715 no
381 1656 418 1714 ab
442 1657 488 1716 hie
513 1656 635 1734 quidem
657 1656 795 1716 omnibus
815 1657 968 1717 exhaustis
992 1675 1081 1734 argu-

65 1755 176 1822 mentis
191 1745 242 1835 (cf.
252 1753 451 1813 Schwartzius
461 1771 541 1812 mus.
552 1753 645 1810 Rhen.
656 1753 709 1810 XL
722 1773 751 1828 p.
763 1753 826 1811 248
837 1755 869 1811 66
880 1754 942 1812 249
954 1751 1020 1811 adn.
1031 1745 1081 1833 4)3

68 1851 142 1927 quid
161 1851 241 1926 quod
260 1850 398 1928 Pyrrhon
420 1851 452 1909 in
471 1849 637 1910 Democriti
655 1847 775 1925 scriptis
797 1849 971 1925 propositae
990 1867 1082 1909 venu-

67 1947 156 2006 statis
181 1950 350 2024 exemplum
373 1949 436 2008 suis
460 1948 545 2007 libris
569 1948 715 2007 imitando
738 1946 885 2023 expressit
905 1938 957 2027 (cf.
971 1945 1081 2006 Euseb.

65 2063 168 2121 praep.
192 2063 298 2122 evang.
323 2045 394 2103 XIV
412 2065 441 2121 p.
459 2037 571 2126 731⁸)?
594 2044 716 2104 minime
739 2062 810 2104 uero
833 2042 989 2103 Nietzchio
1013 2062 1082 2104 con·

67 2144 150 2221 cedo,
174 2143 273 2204 verbis
298 2144 401 2221 qualia
419 2161 511 2220 supra
530 2162 566 2202 ex
584 2142 727 2200 Meinekii
745 2141 953 2201 emendatione
976 2140 1084 2216 scripsi

67 2242 164 2300 solam
178 2240 344 2300 Democriti
362 2239 516 2316 scriptoris
534 2239 727 2316 prudentiam
746 2231 822 2319 (‘die
835 2238 1084 2316 Verstlndiglreit

67 2337 120 2396 des
141 2329 400 2418 Schriftstellers')
424 2337 556 2396 laudari:
581 2336 661 2413 quod
683 2338 715 2395 et
738 2335 826 2394 nimis
847 2335 981 2394 modeste
1005 2335 1083 2394 iudi·

68 2438 171 2494 catum
194 2438 226 2494 et
247 2425 362 2495 tumide
385 2453 509 2512 prorsus
533 2437 564 2494 et
582 2432 772 2493 abundanter
790 2432 905 2492 dictum
923 2432 972 2492 sit.
1005 2432 1083 2491 duae

68 2533 149 2592 enim
175 2533 342 2592 Democriti
367 2533 498 2594 uirtutes
527 2533 617 2609 plane
644 2531 724 2590 inter
751 2549 782 2590 se
810 2529 945 2590 divorsae
974 2530 1083 2589 descri-

68 2629 191 2688 buntur.
237 2630 370 2706 primum
396 2629 551 2710 περίφρων
576 2621 690 2707 ποιμὴν
718 2621 826 2706 μύθων
849 2627 973 2705 dicitur,
1003 2627 1084 2704 quod

69 2727 209 2786 sollerter
230 2726 322 2788 verba
336 2728 514 2788 'moderatus
533 2731 592 2804 est,
616 2726 728 2803 quippe
747 2725 801 2802 qui
816 2723 957 2785 Cicerone
975 2725 1083 2802 iudice,

70 2817 207 2883 ‘ornate’
235 2825 277 2884 sit
299 2825 420 2904 locutus
444 2817 495 2906 (de
518 2827 594 2884 orat.
617 2825 633 2882 Ι
658 2816 714 2904 11)
742 2826 773 2882 66
801 2817 990 2881 ‘clarissimis
1017 2841 1083 2882 vor-

68 2919 177 2980 borum
199 2920 365 2981 luminibus
387 2915 474 2981 usus'
498 2913 588 3001 (oret.
608 2938 632 2978 c.
650 2911 717 3000 20),
741 2922 772 2978 et
795 2937 884 2995 quem
902 2918 1084 2977 Plutarchus

70 3021 187 3094 quaest.
206 3038 290 3080 conv.
305 3019 334 3075 V
350 3023 377 3096 7,
394 3021 412 3078 6
435 3020 471 3101 τῇ
494 3013 567 3090 λέξει
586 3015 747 3094 δαιμονίως
765 3035 794 3074 τε
811 3011 906 3094 λέγειν
928 3011 978 3074 καλ
997 3035 1083 3094 μεγα-

69 3117 223 3194 λοπρεπῶς
239 3115 423 3192 laudaverit3
443 3133 510 3174 eam
528 3114 626 3190 ipsam
640 3112 677 3172 ob
693 3129 816 3171 causam
834 3111 963 3171 dilectus
978 3131 997 3170 a
1010 3111 1083 3189 Pyr·

69 3211 164 3272 rhone
188 3216 219 3272 et
241 3231 260 3272 a
279 3213 369 3272 Sexto
387 3211 541 3288 Empirico
565 3210 632 3271 adv.
651 3211 750 3287 dogm.
769 3209 862 3268 1265
888 3211 985 3269 elatus
1008 3213 1084 3269 tam·

72 3327 165 3384 quum
188 3302 204 3370 ὁ
227 3313 261 3390 τῇ
284 3303 358 3382 Διὸς
386 3301 750 3388 φωνῇ’ποιρεικαζόμενος.
798 3306 903 3366 deinde
934 3299 1085 3383 ἀμφίνοον

70 3408 196 3483 λεσχῆνα
218 3406 318 3469 verbis
336 3406 368 3465 id
385 3407 487 3484 ipsum
504 3404 697 3482 praedicetur
716 3403 797 3481 quod
815 3403 986 3464 Democrito
1006 3421 1085 3463 com-

72 3521 163 3562 mune
183 3508 229 3562 eet
247 3523 316 3563 oum
335 3503 480 3579 sceptiois.
509 3520 605 3580 neque
625 3502 708 3562 enim
723 3495 1101 3566 solum‘subt'xiisdxspu-
