2452 3832
388 84 684 168 «ει-

67 269 139 310 eum
170 250 345 324 loquentem
377 247 451 306 facit
482 247 514 306 in
544 248 766 322 Iearomeaippo
800 251 831 307 et
862 247 1080 322 Necyomantia,

68 366 128 424 quo
151 346 229 406 libro
255 346 424 405 Luoianum
442 344 577 420 Menippi
592 341 728 404 Νέκνιαν
750 344 905 405 imitatum
929 363 993 405 esse
1016 347 1081 406 veri

67 463 128 504 non
155 448 202 504 est
225 444 378 504 dissimile.
419 442 556 519 Denique
580 443 612 500 in
633 442 691 502 Bis
713 447 847 502 οιοκεοέο
870 434 905 524 (ξ
928 435 985 524 33)
1009 443 1081 503 Dia-

67 544 157 620 logus
181 545 306 620 questus
329 560 360 601 se
380 560 397 600 a
417 541 551 599 Luoiano
569 540 648 599 male
666 540 793 599 tractari
809 541 943 617 Menippi
962 543 1080 601 aemulo

68 631 248 720 (Μένιππόν
279 660 345 698 τινα
372 639 431 697 τῶν
457 639 592 697 παλαιῶν
623 639 724 696 κανῶν
752 631 829 715 μάλα
856 631 1013 698 ὑλακτικὸν
1041 632 1081 711 ῶς

68 733 222 797 δοκεῖκαὶ
244 730 393 814 κάρχαρον
416 779 422 792 .
443 781 450 796 .
470 781 477 794 .
501 727 673 814 έκεισήγαμέ
696 727 760 817 μοι)
788 736 987 796 lamentatur:
1018 738 1082 809 πῶς

68 822 125 895 οὖν
143 827 180 894 οὖ
199 826 284 894 δεινὰ
302 827 442 912 ὕβρισμαι
461 824 560 909 μηκέτ’
582 828 630 891 lert
648 833 701 892 τοῦ
720 831 831 892 οἰκείου
854 826 999 911 σχήματος
1016 832 1082 892 ιλια-

68 927 180 1010 μένων,
208 922 281 990 ἀλλὰ
308 928 488 1011 κωμῳδῶν
515 925 566 988 καὶ
592 930 844 1007 γελωτοποιῶν
870 925 920 989 καλ
947 922 1081 991 ὑποθέ-

68 1043 142 1099 σεις
171 1017 348 1098 ἀλλοκότους
375 1018 662 1104 ὑποκρινόμενος
692 1018 786 1110 ue’rr933
820 1018 852 1086 τὸ
879 1020 935 1106 γὰρ
962 1021 1083 1087 πάντων

66 1116 270 1200 ἆτοκῶτατον,
307 1122 411 1201 κρᾶσίν
442 1144 508 1182 τινα
539 1116 711 1202 παράδοξον
741 1120 882 1203 κέκραμαι
914 1121 962 1183 καλ
998 1119 1083 1185 οὔτε

68 1213 171 1291 πεζός
201 1219 259 1299 εἰμι
291 1213 371 1281 οὔτε
402 1216 458 1280 eal
490 1221 557 1279 τῶν
589 1216 723 1298 μέτρων
754 1217 868 1300 βέβηκα
900 1215 962 1282 ἄλλ’
997 1222 1083 1284 ἱππο-

68 1310 232 1395 κενταύρου
255 1317 343 1395 δίκην
365 1310 543 1377 σύνθετόν
565 1337 592 1376 τι
610 1313 659 1376 καλ
683 1313 768 1389 ξένον
791 1312 896 1397 φάσμα
917 1323 978 1391 τοῖς
996 1313 1084 1380 ἀκού-

69 1431 137 1476 ουσι
164 1407 289 1497 oona),
318 1414 428 1492 quibus
455 1414 555 1476 verbis
583 1414 667 1476 vides
695 1435 787 1491 quam
814 1420 918 1493 aperte
942 1416 1082 1494 Menippo

68 1511 198 1571 mixtum
229 1512 308 1571 illud
339 1530 433 1590 genus
462 1516 492 1571 et
521 1513 608 1589 quasi
639 1516 760 1590 sartago
789 1514 938 1590 quaedam
966 1516 1084 1575 dicendi

70 1610 267 1669 adscribatur.

137 1705 192 1764 His
219 1705 317 1782 igitur
344 1704 458 1781 satiris,
491 1722 566 1781 quas
595 1704 786 1764 irrisionibus
817 1705 963 1764 soatuisse
992 1707 1084 1766 etiam

69 1803 191 1862 Diocles
210 1802 292 1878 apud
305 1801 462 1860 Laertium
476 1801 542 1859 looo
557 1819 649 1876 supra
664 1792 706 1881 (p.
717 1793 773 1883 78)
789 1803 927 1878 apposito
942 1806 1083 1883 testatur,

69 1900 246 1977 perstrinxit
278 1899 437 1975 Menippus
473 1897 613 1974 physicos
645 1899 875 1959 mathematicos
910 1903 1084 1978 grammati·

70 1989 167 2078 oos²)3
200 1996 396 2074 singulariter
422 1995 576 2055 lacessivit
602 1995 767 2072 Epicureos
794 2001 919 2074 propter
946 1999 1085 2091 magistri

70 2183 218 2252 Menippus
241 2181 316 2236 enim
337 2181 452 2250 fingitur
473 2179 595 2236 Tiresiae
619 2182 731 2236 demum
754 2181 872 2238 oonsilio
900 2183 968 2239 talis
993 2187 1084 2240 reddi-

70 2264 117 2316 tus
137 2275 197 2314 esse
215 2260 313 2327 homo,
339 2258 451 2328 qualem
470 2276 499 2314 se
517 2260 547 2314 in
565 2259 686 2316 vivendo
710 2262 739 2315 et
757 2261 904 2318 scribendo
923 2265 1085 2332 praebuerit

70 2342 138 2411 (21),
159 2356 221 2394 oum
240 2342 325 2394 antea
342 2337 519 2409 philosophis
538 2356 568 2394 ee
587 2340 695 2395 dederit
713 2343 744 2396 ut
763 2341 885 2396 disceret
903 2337 973 2397 riddo
992 2339 1085 2413 ἁπλῆν

70 2418 121 2475 καλ
140 2417 257 2492 βέβαιον
275 2420 325 2473 τοῶ
346 2420 409 2491 βίον
428 2421 438 2489 (
456 2421 474 2488 ).

145 2502 170 2567 1)
191 2497 303 2567 Optime
321 2499 395 2553 hune
413 2500 507 2554 locum
525 2499 631 2569 primus
650 2499 780 2555 adhibuit
798 2501 908 2556 Riesius
927 2520 955 2571 p.
976 2508 1017 2557 11.

143 2581 170 2647 2)
194 2576 226 2631 In
243 2578 350 2633 Laertii
369 2578 420 2649 (VI
440 2582 501 2649 101)
521 2579 650 2650 catalogo
673 2581 738 2649 post
761 2581 832 2636 alios
850 2581 977 2651 Menippi
1000 2583 1085 2639 libros

72 2657 226 2715 afferuntur
244 2659 275 2712 hi
297 2656 368 2729 πρὸς
386 2656 452 2728 τοὺς
470 2657 608 2728 φυσικοὺς
626 2659 675 2712 καλ
693 2656 913 2729 μαθηματικοὺς
931 2659 980 2716 κοιλ
999 2682 1087 2733 φρομ-

71 2735 220 2810 ματικούς,
240 2754 309 2805 quos
327 2755 412 2792 unam
431 2739 546 2793 satiram
564 2737 673 2793 efficere
688 2739 756 2793 olim
771 2740 891 2795 eredidit
907 2741 1087 2811 Fritrsohius,

71 2819 208 2888 descript.
218 2823 269 2872 sot.
280 2815 319 2872 IV
330 2836 357 2887 p.
368 2822 393 2884 8,
403 2819 460 2872 tres
470 2816 564 2887 potius
573 2835 647 2872 nune
657 2814 732 2871 idem
743 2818 843 2873 statuit
854 2818 960 2889 proleg.
972 2821 1085 2876 Lnoian.

71 2897 129 2953 112
148 2915 175 2965 p.
190 2895 319 2963 XXXVI,
337 2895 440 2950 rectius
459 2896 535 2950 haud
554 2895 650 2961 dubie;
669 2897 725 2950 hue
742 2896 813 2953 facit
832 2897 917 2952 etiam
936 2897 1015 2953 locus
1034 2900 1087 2954 Lu·

72 2977 187 3032 oianeae
201 2975 422 3048 Necyomantiae
437 2977 502 3045 (21),
521 2991 576 3044 quo
596 2973 762 3030 describitur
781 2976 890 3044 optima
910 2992 993 3044 quam
1008 2978 1087 3048 sequi

72 3054 186 3110 iubetur
210 3072 228 3110 a
246 3052 355 3110 Tiresia
372 3052 520 3124 Menippus
540 3053 653 3109 vivendi
671 3055 744 3109 ratio
763 3051 778 3108 ὃ
798 3055 854 3108 τῶν
874 3052 994 3110 ἰδιωτῶν
1019 3057 1087 3130 βίος,

73 3128 144 3188 ῶστε
168 3134 217 3203 τῆς
239 3129 403 3204 ἀφροσύνης
428 3131 610 3202 παυσάμενος
635 3134 684 3188 τοῦ
708 3139 928 3204 μετεωρολογεῖν
950 3136 1000 3191 κοιλ
1021 3136 1086 3208 τέλη

73 3211 124 3267 καλ
142 3208 232 3285 ἆρχολς
251 3211 417 3269 έτισκοκεῖν
430 3213 480 3268 καλ
493 3210 673 3274 καταπτύσας
686 3214 744 3267 τῶν
759 3215 855 3283 σοφῶν
869 3211 977 3270 τούτων
991 3222 1087 3272 συλλο-

73 3294 180 3362 γισμῶν
195 3293 243 3348 καλ
258 3289 291 3347 τολ
312 3294 431 3348 τοιαῦτα
449 3293 536 3363 λῆρον
553 3288 731 3362 έγησῶμενος
748 3294 832 3348 τοῦτο
847 3291 936 3362 μόνον
951 3290 980 3362 ἐξ
995 3291 1087 3351 ἅκαν-

74 3391 122 3434 τος
140 3368 280 3443 θήρασαι,
299 3367 376 3436 ὅπως
393 3367 425 3427 τὸ
444 3368 538 3443 νεαρὸν
558 3365 590 3428 εὖ
608 3370 733 3440 θέμενος
750 3375 923 3445 παραδρομῇ
942 3375 1032 3444 γελῶν
1051 3371 1089 3428 τοὶ

74 3445 173 3506 πολλῶ.
529 3505 530 3510 ,

130 3549 234 3598 comeso.
248 3552 279 3591 Π,
931 3543 953 3590 ἲ)
