2454 3840
87 159 137 200 na.
152 159 213 201 xvr.
228 159 294 202 xvn
471 174 515 184 -
562 139 625 202 117
673 173 714 184 -

86 300 178 376 plane
197 318 316 359 cassum
336 304 382 361 est
400 301 463 362 sive
482 300 519 360 (10
537 300 607 377 pilis
627 300 690 362 sive
709 301 745 361 de
765 302 933 362 haltcribus
951 303 1104 379 plumbeis

87 397 152 457 sive
172 396 208 456 de
227 398 292 456 ulla
311 399 373 457 alia
390 418 423 459 re
442 397 586 476 plumbea
603 399 676 458 hsec
695 400 754 459 dici
772 405 877 478 putas,
896 419 967 460 nam
986 419 1103 478 semper

86 495 171 554 valet
194 497 275 572 quod
298 496 375 557 dixit
399 497 561 574 Sophocles
585 488 636 577 (fr.
661 498 723 556 783
748 489 852 578 Dind.)
876 498 913 556 (10
936 497 1026 559 vitio:
1050 520 1103 576 μο-

86 589 183 670 λιβδ1ς
211 587 282 653 ὥστε
313 593 432 656 δίκτυον
459 589 645 654 κατέσπασεν.
692 598 869 672 corruptum
900 595 997 672 igitur
1028 594 1102 653 mihi

87 688 188 748 visum
211 694 257 750 est
279 692 461 752 vocabulum
481 696 512 752 et
529 692 561 751 id
578 691 680 768 ipsum
703 691 785 768 quod
808 711 955 752 summam
974 692 1102 752 difficul-

86 788 183 845 tatem
202 789 233 846 in
252 789 502 868 interpretatione
516 787 658 866 praebuit
672 781 730 849 ὖπὸ
746 785 888 869 στέρνοισι
906 790 988 850 viam
1002 809 1101 848 emen·

87 883 219 945 dationis
257 888 445 949 monstravit.
492 885 596 947 eadem
631 887 748 946 ratione
787 905 848 964 qua
884 887 988 945 Vlixes
1024 886 1102 944 Leu-

86 982 212 1041 cotheae
248 983 311 1042 rica
347 985 390 1044 sic
422 985 453 1044 in
485 982 617 1043 natando
650 985 815 1046 adiuvatur
843 983 1017 1044 Arcesilaus
1049 1002 1104 1060 per

86 1079 305 1160 Menedemum,
319 1082 514 1160 Pyrrhonem,
528 1080 705 1160 Diodorum,
724 1082 835 1159 quibus
853 1087 1010 1160 tamquam
1026 1080 1102 1139 utri·

86 1177 144 1236 bus
176 1179 332 1240 incumbit.
379 1199 445 1240 eam
476 1180 514 1240 ob
544 1197 667 1238 causam
694 1179 844 1258 Pyrrhoni
871 1179 1025 1238 adiectum
1057 1179 1104 1237 est

85 1267 118 1334 τὸ
146 1278 209 1335 ιιᾶν
235 1273 338 1356 ιιρέας;
368 1278 504 1340 homines
533 1276 616 1337 obesi
643 1277 786 1336 nimirum
813 1279 922 1336 natant
949 1273 1102 1334 facillime.

86 1371 179 1450 idque
211 1375 293 1435 cadit
325 1377 417 1436 etiam
444 1376 476 1434 in
503 1374 724 1452 Menedemum,
758 1375 870 1452 quippe
899 1373 952 1451 qui
980 1374 1012 1442 01
1038 1371 1103 1447 ipse

86 1467 165 1528 πίων
188 1471 307 1530 dicutur
330 1490 348 1531 a
370 1471 493 1532 Laertio
516 1473 547 1532 Π
573 1475 644 1534 132.
685 1473 790 1550 itaque
814 1471 921 1548 scripsi
943 1463 1102 1548 ιιολνμβόν.

87 1566 162 1643 quid
183 1567 240 1627 hac
262 1569 394 1647 imagine
419 1569 589 1647 significare
609 1569 742 1631 voluerit
759 1573 864 1646 poeta,
888 1570 1028 1626 accurate
1052 1582 1100 1625 ex-

86 1663 173 1740 ponit
191 1665 360 1725 Numenius
378 1667 410 1724 in
432 1667 606 1728 testimonio
626 1685 718 1742 supra
737 1666 863 1742 scripto,
886 1667 1101 1740 praeterquam

88 1757 170 1838 quod
194 1761 396 1822 intermiscuit
419 1781 508 1832 suum
532 1763 568 1822 de
589 1763 743 1840 Pyrrhone
767 1761 914 1821 iudicium
937 1777 1060 1837 prorsus
1084 1777 1103 1818 a

88 1859 213 1919 Timone
236 1860 377 1920 alienum.
408 1859 452 1919 Of.
476 1860 568 1919 etiam
587 1858 715 1918 eundem
733 1859 752 1916 1.
770 1877 792 1917 s.
807 1857 878 1916 XIV
895 1860 923 1935 6,
938 1861 958 1915 4
977 1877 1006 1933 p.
1024 1859 1103 1917 731⁸

86 1949 237 2035 μετασχὼν
259 1953 312 2034 μὲν
326 1947 531 2038 (Arcesilaus)
545 1948 703 2035 Διοδώρου
721 1956 762 2030 εἰς
780 1950 815 2016 cd
833 1951 1102 2034 αεπανονργημένα

85 2046 215 2113 πιθανια
233 2056 323 2114 ταῦτα
344 2047 380 2114 τὰ
402 2048 522 2132 κομψά,
546 2045 698 2132 ὡμιληκὼς
721 2049 753 2114 δὲ
772 2047 915 2133 Πύρρωνι
1013 2039 1101 2123 οὗτος

86 2146 142 2229 μὲν
169 2144 206 2229 δὴ
235 2148 325 2211 ἔνθεν
351 2149 544 2230 καταρτνθε1ς
571 2142 649 2227 πλὴν
678 2153 729 2230 τῆς
755 2143 944 2230 προσρήσεως
973 2146 1102 2227 ἐνέμεινε

85 2241 239 2324 Πύρρωνι.
263 2250 355 2324 atque
376 2251 413 2308 ut
426 2248 534 2307 Timon
553 2240 600 2328 (in
618 2247 678 2307 alio
699 2249 824 2325 scripto:
842 2265 978 2323 usupra
995 2267 1024 2323 p.
1041 2236 1099 2327 30)

86 2342 202 2420 aliique
218 2345 350 2424 sceptici,
370 2346 412 2406 sie
425 2345 595 2404 Numenius
610 2345 818 2422 Pyrrhoneum
837 2361 1014 2422 germanum
1032 2361 1102 2401 eum

87 2443 332 2506 essecontendit
356 2436 407 2524 (cf.
431 2445 451 2502 l.
475 2461 497 2502 s.
520 2464 548 2520 p.
570 2435 673 2525 7311).

489 2581 701 2592 -u———u-u——n

548 2710 636 2770 XVII

154 2821 273 2910 ήξομαι
297 2829 345 2904 εἰς
368 2823 540 2912 Πύρρωνα
562 2827 618 2893 καὶ
642 2830 689 2905 εἰς
712 2823 851 2893 σκολιὸν
875 2822 1065 2911 Διόδωρον.

155 3025 241 3068 rnsn.
264 3007 436 3068 Laertius
455 3008 556 3088 Diog.
571 3009 615 3068 IV
630 3012 671 3070 33
697 3001 713 3070 ὁ
735 3007 834 3087 Τίμων
857 3000 904 3066 ἐπ’
929 2998 1021 3066 αὐτοῦ
1044 3027 1101 3082 φη-

86 3121 135 3166 σιν
149 3099 255 3179 οὕτως·
280 3109 336 3188 «τῇ
353 3137 390 3146 -
407 3098 584 3184 Διόδωρον»
599 3098 649 3187 (fr.
665 3097 760 3187 XVI),
779 3101 830 3164 uui
848 3095 993 3164 διαλιπὼν
1011 3095 1102 3162 αὐτὸν

85 3207 170 3265 ποιεῖ
187 3199 320 3283 λέγοντα·
348 3197 496 3282 (νήξομαι
517 3234 554 3244 -
575 3197 762 3282 Διόδωρον».

158 3352 271 3391 versum
284 3353 348 3390 cum
362 3336 593 3396 antecedentibus
606 3335 700 3390 verbis
714 3336 763 3390 uel
777 3329 916 3391 διαλιιαδν
926 3330 1016 3390 αδτδν
1025 3337 1107 3388 ποιεῖ

84 3422 206 3494 λέγοντα
231 3427 346 3494 propter
363 3424 606 3484 homoioteleuton
625 3424 760 3480 chttunt
776 3423 864 3480 Aoo
870 3425 904 3478 H
905 3423 943 3478 M
944 3422 1000 3493 Po
1010 3422 1033 3478 V
1045 3423 1102 3477 Va-

86 3515 135 3570 110.
156 3518 208 3568 110
226 3516 256 3568 01
273 3514 299 3582 f3
329 3516 437 3585 primae
465 3532 530 3572 eum
559 3513 746 3569 exhibuerunt
769 3513 1050 3598 Stephanianalb'lo
1074 3510 1103 3564 01
