2452 3832
535 123 756 188 „60..

139 287 277 350 versibus
301 288 530 367 insequentibus
554 281 622 370 (21.
643 279 701 368 22)
726 283 803 349 σάτι
826 284 920 370 μάχας
944 288 1036 353 διέπει
1058 290 1168 375 Τιτή-
1209 305 1215 318 ’

138 408 211 446 νοιν
242 379 315 446 οὐδέ
341 377 541 465 Γιγάντων,
573 379 645 446 οὐδὲ
676 379 712 444 τά
742 381 936 466 Κενταάροινς
968 393 1168 467 reprehendit

139 483 236 562 igitur
258 483 328 543 illos
353 483 405 560 qui
428 486 553 542 narrent
574 483 611 542 de
636 482 681 542 dis
705 483 825 545 fabulas
849 485 952 548 divino
973 489 1098 548 numine
1118 491 1165 550 in·

139 581 255 658 dignas,
279 583 384 658 quales
408 584 488 641 sunt·
503 581 585 657 apud
607 581 678 641 illos
700 585 815 658 poetes.

229 677 317 748 Quod
349 697 420 739 vero
449 678 641 738 crediderunt
668 677 706 737 ab
733 679 900 758 Appuleio,
929 684 1024 764 florid.
1048 685 1094 742 IV
1120 688 1165 746 20

138 769 569 853 sillosXenophanis‘satiras’
585 775 655 853 dioi,
673 775 706 834 id
723 795 803 836 nuno
821 779 934 839 rectius
954 781 991 840 ad
1006 780 1165 854 Oratetem

136 875 269 935 relatum
292 878 339 936 est
362 866 404 954 (v.
423 868 526 956 infra).
562 891 598 933 ea
620 874 749 950 denique
769 893 847 952 quae
865 879 982 953 profert
999 879 1163 958 Menagius

139 972 177 1031 ad
199 973 299 1033 Laert.
323 971 412 1050 Diog.
436 972 491 1035 IX.
505 974 565 1031 111
592 972 707 1048 „saneti
729 976 832 1048 patres
856 974 941 1035 sillos
963 976 1162 1052 Xenophanis

139 1069 269 1129 Sillenos
296 1064 433 1146 vooant“‚
465 1087 534 1129 vere
563 1087 602 1126 an
629 1069 708 1128 falso
736 1069 799 1129 sint
826 1071 908 1132 diota
930 1073 1044 1150 nesei03
1078 1079 1161 1135 oerte

139 1166 277 1245 quamvis
301 1166 463 1244 diligenter
482 1165 683 1243 quaesiverim
701 1166 822 1225 nullum
839 1167 931 1227 huius
950 1169 994 1228 rei
1012 1169 1162 1230 indicium

138 1282 265 1340 reppen.
914 1338 915 1341 Ἴ

205 1360 363 1420 Aooedunt
389 1363 492 1419 autem
519 1360 618 1420 multa
645 1360 707 1418 alia
736 1361 847 1437 quibus
875 1363 1068 1440 Xenophanis
1097 1368 1161 1428 silli

139 1457 245 1536 quales
270 1457 385 1516 fuerint
408 1457 579 1516 accuratius
603 1457 799 1526 describatur.

203 1556 340 1615 Primum
373 1556 452 1615 enim
479 1555 646 1615 Homerum
673 1559 705 1615 et
731 1556 898 1616 Hesiodum
926 1578 945 1618 a
971 1560 1160 1638 Xenophane

137 1655 241 1714 irrisos
275 1672 339 1714 esse
371 1673 431 1714 non
465 1654 564 1713 solum
595 1655 748 1713 testantur
779 1655 812 1713 L.
841 1656 877 1714 D.
905 1657 924 1715 l.
950 1675 972 1716 s.
1000 1661 1032 1717 et
1060 1659 1092 1718 Π
1117 1664 1159 1722 46

138 1745 220 1812 καθά
255 1767 349 1829 φησιν
374 1743 571 1827 Ἀριστοτέλης
604 1746 637 1809 ἐν
667 1749 751 1832 τρίτῳ
784 1748 852 1829 περλ
882 1755 1037 1831 ποιητικῆς
1070 1749 1158 1838 (dial.

138 1847 203 1927 περλ
232 1851 364 1926 ποιητῶν
382 1849 426 1907 tr.
452 1851 469 1906 7
494 1838 580 1928 Ros.)
608 1843 782 1922 ἐφιλονείκει
800 1893 807 1908 .
827 1895 834 1908 .
854 1893 861 1907 .
880 1845 1020 1929 Σύαγρος
1037 1843 1158 1938 Ὁμήρῳ

139 1948 235 2022 ζῶντι,
254 1939 441 2007 ἀποθανόντι
459 1941 492 2005 δὲ
510 1937 688 2020 Ξενοφάνης
706 1935 942 2025 όΚολοφοόνιος,
961 1943 1011 2007 καλ
1024 1945 1159 2028 Κέρκωψ

131 2038 263 2126 Ἡσιόδῳ
287 2043 388 2120 ζῶντι,
415 2032 615 2119 τελευτήσαντι
639 2036 672 2101 δὲ
695 2034 711 2102 ό
734 2039 945 2120 προειρημένος
968 2039 1157 2126 Ξενοφάνης,

12 2154 14 2159 ’
138 2142 248 2222 Timon
280 2141 312 2200 in
339 2142 375 2201 fr.
403 2140 514 2200 XXXX
546 2131 735 2216 Ξεινοφάνης
766 2131 924 2217 ἀπάταφος
950 2134 1158 2224 Ὁμηραπάτης

9 2267 15 2272 ·
136 2234 309 2315 ἐπικόπτης,
332 2237 524 2314 Plutarohus²
547 2237 679 2311 epaphra.
702 2253 760 2311 reg.
784 2237 869 2297 Hier.
893 2241 913 2296 4
935 2259 964 2315 p.
987 2243 1049 2300 175
1065 2236 1158 2320 ‘'Opp-

137 2359 188 2415 ρος
215 2329 251 2398 ὃν
279 2330 315 2397 σά
339 2327 544 2417 (Ξενοφάνης)
573 2325 735 2411 demodocum
768 2353 873 2394 verum
901 2336 994 2396 etiam
1022 2331 1157 2401 aetatem

136 2437 275 2496 tulerunt
299 2437 447 2512 quattuor
468 2449 573 2493 versus
592 2430 761 2490 hexametri
780 2422 829 2510 (fr.
849 2424 895 2514 Π)
915 2434 1025 2510 quibus
1044 2435 1156 2498 Home-

136 2552 205 2594 rum
227 2531 454 2607 Hesiodumque
488 2529 525 2588 ob
556 2527 677 2586 fabulas
710 2527 884 2590 inhonestas
913 2531 949 2591 de
977 2533 1041 2591 deis
1069 2533 1157 2595 fictas

136 2631 252 2690 lacerat
269 2627 477 2703 Xenophanes.
514 2627 581 2683 tum
600 2623 756 2684 Thaletem
774 2625 981 2705 Pythagoram
998 2630 1156 2706 Epimeni·

137 2729 204 2788 dem
218 2724 429 2804 perstrinxisse
443 2725 586 2781 narratur
598 2739 618 2780 a
631 2721 731 2781 Laert.
745 2721 834 2802 Diog.
850 2724 893 2784 IX
909 2728 949 2786 18
964 2721 1158 2800 ἀντιδοξάσαι

136 2845 166 2885 τε
188 2820 300 2903 λέγεται
325 2821 407 2902 Θαλῇ
430 2816 481 2879 καλ
503 2811 686 2902 Πυθαγόρη,
710 2814 913 2898 καθάψασθαι
941 2818 974 2882 δὲ
1001 2821 1052 2884 καλ
1072 2819 1158 2888 Ἐπι-

137 2920 274 3001 μενίδον;
297 2919 564 2997 Pythagoramque
587 2916 618 2975 in
641 2917 741 2995 elogia
763 2909 814 2998 (fr.
831 2920 871 2979 18
886 2913 1011 3002 Bergk.)
1031 2942 1155 3002 quoque

137 3020 300 3081 cavillatus
323 3019 370 3075 est
393 3014 430 3075 ob
455 3003 692 3092 μετεμψόχασιν,
720 3018 812 3092 atque
835 3016 1045 3093 Epimenidem
1059 3026 1157 3097 patet

136 3135 190 3176 our
213 3131 376 3194 aggressus
400 3113 451 3190 sit3
476 3112 530 3171 ille
553 3111 634 3170 enim
655 3111 817 3190 θεογονίαν
839 3114 961 3191 scripsit
984 3108 1034 3197 (of.
1059 3119 1093 3177 L.
1118 3119 1155 3178 D.

136 3204 260 3294 1110),
283 3211 482 3288 Xenophanes
506 3211 609 3268 autem
632 3207 710 3268 dixit
732 3226 783 3268 eos
807 3211 860 3286 qui
882 3211 954 3272 deos
977 3216 1066 3272 natos
1089 3232 1156 3276 esse

134 3309 328 3387 perhiberent
360 3327 420 3367 non
452 3307 552 3365 minus
584 3297 702 3383 ἀσεβεῖν
734 3325 825 3383 quam
856 3308 908 3384 qui
935 3313 1072 3371 mortuos
1102 3305 1156 3394 (of.

132 3407 272 3483 Aristot,
309 3405 379 3466 rhet.
411 3404 443 3464 H
477 3393 542 3483 23).
598 3404 630 3460 et
670 3404 790 3481 egregie
832 3405 973 3467 carminis
1011 3411 1157 3470 naturam

115 3501 269 3562 desemhit
287 3486 388 3562 Arius
411 3500 568 3581 Didymus
598 3499 653 3579 qui
675 3499 709 3559 in
730 3498 809 3561 hbro
831 3499 901 3579 περὶ
922 3499 1062 3582 αἱρέσεων
1090 3499 1155 3587 (ap.
