2454 3840
63 148 232 191 ravum
451 161 493 172 -
542 126 606 191 109
653 161 695 173 --

64 289 205 348 Arrhian.
229 287 326 348 Aneb.
350 288 394 347 IV
419 290 460 350 97
484 280 536 371 (cf.
560 289 641 350 Plut.
665 290 751 350 Alex.
776 292 817 351 52
832 282 891 372 sq.)
914 291 934 350 i.
953 311 978 352 e.
1002 291 1084 369 apud

65 377 228 464 utriusque
247 390 412 464 auctorem,
431 386 644 447 Aristobulum
663 389 778 467 opinor,
802 389 889 450 audit
907 381 924 450 ὁ
943 384 1084 469 σοφιστής

65 477 151 566 (vide
165 483 264 545 ‘etiam
283 502 375 561 supra
389 484 470 544 Plut.
485 483 521 544 de
535 485 651 546 virtute
664 505 737 546 mor.
753 505 776 547 c.
794 479 837 569 6).
861 487 989 549 indulsit
1004 488 1084 548 enim

63 583 200 660 turpiter
221 581 334 641 Veneri
361 586 393 642 et
415 582 515 644 ventri
539 573 591 662 (cf.
616 583 726 643 Athen.
749 585 809 644 XII
831 606 860 662 p.
885 577 974 664 5481),
1001 584 1083 648 Plut.

65 699 197 762 sympos.
221 680 282 739 VH
303 683 323 741 3
348 677 430 758 [vide
454 671 589 760 supre]);
612 697 710 757 neque
734 680 766 738 in
788 679 835 740 his
859 686 1014 742 assecutus
1038 687 1084 743 est

66 773 158 856 'quem
172 778 236 856 ipse
251 778 418 856 sapientiae
432 775 523 840 finem
537 777 632 836 edixit
641 768 693 859 (cf.
703 777 888 856 Bernaysius
899 780 918 838 l.
929 797 951 838 s.
962 783 994 840 et
1007 798 1083 842 mus.

65 876 161 936 Rhen.
185 873 289 936 XXIII
310 896 340 953 p.
365 876 429 935 375
449 893 492 953 sq.
513 900 555 923 ==
577 873 642 935 Ges.
665 873 741 935 Act.
764 875 781 934 Ι
802 896 831 953 p.
856 867 943 958 128),
970 869 1006 936 τὰ
1031 879 1085 938 τοῦ

64 976 173 1052 καιροῦ
206 969 295 1052 μέτρα
327 971 391 1033 δεῖν
423 969 540 1033 εἰδέναι.
585 970 697 1033 idcirco
727 971 922 1050 potissimum
954 1005 995 1015 -
1024 993 1085 1035 non

66 1073 193 1147 propter
215 1067 399 1149 doctrinam,
423 1070 542 1147 opinor,
566 1086 750 1147 quamquam
772 1069 817 1130 ita
840 1069 934 1131 sensit
951 1069 1084 1132 Galenus

66 1168 87 1225 l.
98 1184 120 1226 s.
136 1199 178 1208 -
195 1168 369 1244 appellatus
388 1171 436 1227 est
454 1159 470 1226 ὁ
485 1159 693 1246 εὐδαιμονικός
708 1159 760 1248 (cf.
773 1167 938 1228 Athen.VI
951 1189 980 1246 p.
997 1161 1084 1247 250st

65 1262 186 1323 Aelian.
201 1283 263 1324 var.
278 1264 347 1324 hist.
361 1264 405 1323 IX
421 1266 475 1341 373
495 1263 575 1324 Sext.
589 1264 676 1343 Emp.
691 1265 758 1327 adv.
772 1266 865 1326 math.
875 1266 935 1325 VII
945 1268 1002 1344 483
1017 1261 1085 1350 el.);

66 1365 148 1421 cente
181 1355 390 1440 εὐδαιμονικῆς
421 1360 506 1421 illius
538 1365 639 1422 sectae
672 1381 763 1441 quam
790 1363 958 1424 condidisse
986 1364 1085 1426 fertur

68 1449 122 1539 (cf.
151 1460 244 1520 etiem
270 1459 370 1519 Laert.
399 1458 415 1518 Ι
440 1451 496 1540 17)
533 1478 620 1519 nemo
656 1463 778 1536 praeter
810 1459 911 1537 ipsum
941 1461 1083 1526 innotuit.

66 1556 144 1616 hanc
167 1557 263 1636 igitur
285 1557 381 1618 vitam
403 1556 591 1618 lubidinibus
614 1557 748 1620 deditam
765 1558 958 1635 reprehendit
976 1561 1084 1621 Timon

66 1675 95 1715 v.
121 1657 148 1715 3.
168 1656 198 1732 4,
221 1655 274 1716 sed
296 1653 488 1732 reprehendit
511 1671 581 1713 cum
602 1655 718 1731 pietate
741 1655 869 1714 libernli.

159 1749 302 1814 Ceterum
336 1743 490 1830 ὑποτρείοο
527 1753 627 1812 solum
659 1753 741 1829 apud
770 1753 926 1814 Timonem
957 1754 1083 1834 iegitur3

67 1848 196 1926 simplex
221 1853 324 1910 temen
342 1846 425 1927 τρείο
445 1848 628 1925 aliquotiens
652 1848 791 1912 adhibuit
810 1848 979 1930 Oppianus,
1003 1852 1085 1929 quod

66 1966 104 2006 ex
131 1946 232 2010 radice
260 1966 325 2026 τρες
357 1944 498 2008 similiter
528 1947 699 2023 profectum
731 1952 823 2025 atquo
850 1947 957 2025 κνείιο,
984 1950 1084 2026 πλείω,

65 2043 156 2121 θείω,
179 2043 263 2124 pelo,
286 2043 353 2124 χείοι
375 2063 411 2102 ox
429 2042 581 2104 radicibus
603 2042 696 2120 need,
719 2045 808 2121 nied,
831 2043 907 2122 def,
930 2043 999 2126 def,
1021 2047 1082 2125 χειῑ.

561 2309 589 2369 X

101 2383 342 2512 ’Πρωταγόρης
363 2421 393 2493 τ’
419 2426 587 2512 ἐκίμικτος
610 2426 793 2514 ἐριζέμεναι
816 2417 855 2494 εὖ
878 2425 977 2506 εἰδώς

348 2593 469 2636 nonum
491 2594 656 2637 unronnvs
679 2593 796 2637 vnasvs
920 2581 922 2586 '

142 2691 238 2748 0679
258 2691 294 2748 al.
314 2693 468 2764 κελητίζειν
488 2682 520 2748 εὖ
540 2689 622 2756 εἰδώς
641 2693 752 2762 (eadem
770 2710 866 2750 versus
885 2693 961 2763 sede)

137 2840 223 2883 rnen.
256 2823 427 2883 Laertius
454 2823 556 2902 Diog.
580 2825 624 2884 IX
647 2827 688 2885 52
721 2813 807 2897 οὗτος
832 2826 948 2902 πρῶτος
974 2819 1084 2903 μισθὸν

68 2914 257 2998 εἰσεπράξατο
286 2922 362 2998 μνᾶς
384 2912 490 2981 ἑκατὸν
512 2964 631 2984 ......
652 2918 704 2981 καὶ
725 2915 822 3000 λόγων
844 2914 963 3000 ἀγῶνας
986 2917 1085 3001 ἐποιή-

67 3033 140 3078 σατο
172 3008 231 3099 (sic
255 3018 317 3077 mei
339 3017 411 3078 libri
434 3009 553 3100 omnes)
584 3015 635 3078 nui
666 3011 797 3096 σόφισμα
828 3021 889 3090 τοῖς
920 3037 1086 3098 πραγματο-

66 3115 191 3193 λογοῦσι
208 3109 377 3196 προσήγαγε
394 3111 445 3175 καὶ
462 3108 517 3192 τὴν
535 3108 674 3175 διάνοιαν
687 3108 775 3192 ἀφεὶς
791 3108 866 3193 πρὸς
878 3109 1010 3195 τοῦνομα
1029 3115 1085 3178 διε-

66 3209 164 3293 λέχθη
181 3210 233 3274 καὶ
250 3207 282 3273 τὸ
301 3215 359 3274 νῦν
377 3205 553 3274 ἐπιπόλαιον
569 3208 656 3292 γένος
673 3213 732 3274 τῶν
745 3209 898 3292 ἐριστικῶν
916 3210 1084 3295 ἐγέννησεν·

64 3309 121 3370 ἵνα
143 3308 195 3371 καὶ
218 3310 320 3390 Τίμων
344 3307 417 3390 φησὶ
439 3308 507 3390 περὶ
528 3289 634 3372 αὐτῶ·
659 3305 880 3392 «Πρωταγόρης
903 3341 944 3364 -·
968 3307 1085 3387 εἰδώς».
1165 3361 1166 3366 1

143 3422 287 3498 ιιιμιιις
300 3426 379 3482 nure
400 3421 551 3498 ιιιμιιιις
566 3426 972 3499 (necaponsautneneke
985 3411 1084 3499 peno.

68 3515 122 3572 XV
140 3532 168 3585 p.
187 3521 249 3582 834,
268 3511 420 3587 lulpuccoc
437 3514 513 3587 (coll.
531 3516 615 3574 Hom.
634 3537 651 3572 ο
671 3519 734 3590 till
753 3515 938 3586 dullum
950 3513 1102 3586 spumae
