2454 3840
517 160 559 170 -
607 123 670 192 156
717 161 758 170 -—
1018 148 1152 191 uxorne

130 307 220 364 quem
247 288 420 348 accuratius
448 287 677 348 describendum
701 287 802 347 utitur
824 291 855 347 et
877 289 1064 365 proverbiali
1087 289 1149 349 dio·

128 385 211 444 tione
229 376 382 462 Ἑλλήνων
403 377 423 463 ἡ
446 388 528 446 πᾶσα
551 378 631 456 ὀιζύς
654 377 743 465 (haee
767 385 854 445 enim.
871 386 965 446 verba
987 385 1051 444 iam
1070 388 1151 447 anii-

130 483 283 558 quiesimis
314 483 502 561 temporibus
534 483 565 540 in
597 481 790 560 proverbium
819 482 928 542 abiisse
956 483 1150 545 demonstrat

128 580 161 637 ni
188 580 279 640 fallor
305 580 479 641 Archilochi
511 599 616 641 versus
646 579 701 656 [52
726 577 850 658 Bergk]
879 573 920 652 ὡς
942 576 1149 660 Πανελλήνων

128 668 209 750 ittig
232 675 262 750 ἐς
288 672 389 741 Θάσον
411 670 610 760 συνέδραμεν)
638 682 670 738 et
692 679 829 754 exemplo
852 671 971 758 κόγχου,
996 679 1080 757 quod
1103 680 1150 738 fa·

128 773 184 833 bae
217 794 313 854 genus
344 775 530 854 pauperihus
562 776 708 838 vilissimo
742 775 808 835 oibo
841 776 935 836 fuisse
966 795 1037 836 oum
1055 777 1150 854 'apud

128 871 279 936 Romanos
301 893 356 952 per
378 873 555 934 Iuvenalem
572 873 713 952 1112933
736 873 808 932 XIV
828 875 888 933 131
913 873 1149 951 Meriielemque

128 968 188 1028 VII
213 973 252 1030 77
277 975 345 1031 inm
368 971 449 1048 apud
469 970 598 1030 Graecos
620 989 675 1047 per
697 968 850 1029 Cratetem
873 971 1013 1047 cynicum
1038 962 1090 1052 (fr.
1108 975 1145 1029 11

127 1059 253 1150 Bergk.)
282 1071 409 1128 constat.
456 1072 548 1145 eique
576 1068 689 1144 optimo
717 1069 820 1144 potuit
847 1069 923 1128 talia
945 1069 1147 1146 Xenophanes

127 1164 262 1241 proferre
285 1165 349 1242 ipse
371 1165 410 1224 de
432 1166 504 1226 vita
521 1185 577 1225 sua
599 1166 673 1224 haeo
697 1165 805 1226 effatus
830 1157 880 1246 (fr.
901 1169 919 1226 7
940 1159 1067 1248 Bergk.)
1087 1161 1146 1245 ἤδη

131 1252 160 1317 δ’
186 1255 258 1321 ἑπτά
284 1255 309 1321 τ’
335 1259 398 1322 ἔασι
420 1259 470 1322 καί
493 1256 624 1342 ἑξηκοντ’
650 1259 781 1324 ἐνιαυτοί
803 1259 807 1342 Ι
832 1263 1052 1342 βληστρίζοντες
1075 1258 1150 1343 ἐμὴν

128 1350 264 1434 φροντίδ’
289 1351 338 1420 ἀν’
359 1351 488 1419 Ἑλλάδα
510 1362 575 1440 γῆν.
617 1363 751 1422 ceterum
779 1361 816 1420 de
842 1361 985 1421 Teiorum
1007 1379 1086 1437 pane
1111 1365 1147 1421 ut

128 1453 205 1513 nihil
223 1454 346 1515 aliunde
364 1456 507 1534 innotuit,
532 1458 577 1517 iia
594 1451 727 1536 καρύκκη
747 1477 765 1517 a
783 1458 877 1536 Lydis
895 1459 1001 1535 primis
1021 1459 1147 1519 inventa

128 1554 192 1610 tarn
214 1553 371 1628 praeclara
393 1553 466 1632 fuir,
493 1558 531 1613 ut
554 1572 656 1614 ornnes
680 1555 733 1631 qni
756 1548 939 1634 ὀψαρτυτικά
962 1556 1149 1633 seripserunt

128 1648 163 1708 de
193 1667 228 1708 ea
255 1651 456 1728 comparanda
484 1656 623 1712 accurate
645 1639 854 1730 praeceperint
878 1644 929 1733 (ef.
953 1652 1063 1713 Athen.
1088 1653 1146 1713 XII

127 1767 155 1824 p.
180 1739 266 1830 51⁰);
293 1749 354 1809 fuir
378 1768 464 1827 vero,
491 1753 528 1809 ui
551 1749 595 1808 ait
619 1749 768 1810 Zenobius
791 1751 820 1809 V
844 1754 863 1811 3
888 1743 939 1832 (ef.
963 1749 1097 1829 Hesyeh.
1121 1773 1147 1812 v.

130 1837 272 1928 καράκη),
291 1847 395 1926 βρῶμα
409 1840 546 1907 Λυδικδν
564 1844 596 1906 ἐκ
615 1849 732 1909 πολλῶν
749 1841 928 1926 ἡδυσμάτων
947 1842 1086 1922 συνεστὸς
1100 1847 1148 1909 καὶ

129 1939 258 2020 αἵματος.
304 2011 306 2014 ,

529 2066 742 2076 ...—.‚—-.—

447 2229 587 2288 xxxxv
612 2187 827 2312 (λιμμα.)

173 2336 217 2420 ὡς
243 2342 299 2410 καὶ
322 2342 409 2430 ἐγὼν
433 2342 560 2432 ὄφελον
583 2348 727 2414 πυκινοῦ
750 2346 836 2414 νόου
860 2343 1081 2432 ἀντιβολῆσαι

173 2445 497 2535 ἀμφοτερόβλεπτος·
522 2453 618 2538 δολίη
644 2447 675 2517 δ’
702 2448 771 2544 ὁδῷ
796 2450 1009 2540 ἐξαπατήθην
1078 2464 1080 2468 ’
1149 2519 1151 2522 .

174 2555 402 2642 πρεσβυγενὴς
425 2557 526 2622 ἐτέων
548 2555 833 2645 κεάμενθηριστος
854 2553 984 2643 ἀπάσης

172 2657 409 2746 σκεπτοσύνης·
435 2657 522 2749 ὅππη
546 2659 611 2748 γὰρ
636 2660 718 2748 ἐμὸν
740 2662 825 2731 νόον
848 2662 1036 2751 είρύσαιμι,

140 2768 220 2844 οείς
243 2767 280 2832 ἓν
302 2763 404 2834 ταύτό
426 2793 460 2835 τε
484 2771 552 2835 ττάν
577 2763 747 2836 ἀνελύετο·
771 2773 840 2836 πάν
863 2766 895 2837 δ’
917 2767 976 2838 ἐὸν
1000 2771 1066 2838 αίεδ

171 2872 277 2959 πάντη
305 2871 531 2962 ἀνελκόμενον
559 2881 640 2962 μίαν
668 2880 715 2955 είς
743 2877 849 2964 φύσιν
874 2874 987 2945 ἵσταθ’
1015 2877 1149 2966 ὁμοίην.

424 3061 545 3103 nonnar
567 3061 706 3104 nnroerr
729 3061 846 3106 vnnsvs
914 3045 915 3050 ’

125 3145 155 3199 in
173 3164 199 3200 v.
221 3152 247 3201 1=
268 3165 288 3202 α
306 3153 358 3203 117
378 3145 415 3213 ὡς
433 3146 470 3220 δὴ
490 3145 574 3220 ἔγωγ’
596 3146 702 3219 ὄφελον
725 3149 835 3222 (eedem
854 3166 951 3206 verene
970 3151 1048 3221 sede)

270 3237 365 3293 orer
384 3236 506 3293 πυκινὸν
525 3235 594 3295 νόον
614 3239 723 3309 (eedem
740 3255 837 3294 verene
856 3238 934 3310 rede)

270 3331 295 3379 Δ
314 3331 367 3380 314
385 3326 421 3380 ιλ.
442 3323 532 3398 μάχης
551 3328 719 3397 καυστειρῆς
737 3323 921 3400 ἀντιβολῆσαι

126 3413 156 3468 in
174 3431 199 3468 v.
219 3419 248 3468 3:
268 3419 291 3468 Λ
310 3419 362 3469 249
381 3413 575 3490 πρεσβυγενής
597 3417 708 3487 (eedem
727 3432 823 3471 verene
841 3416 918 3486 rede)

125 3502 156 3558 in
174 3521 199 3557 v.
215 3508 248 3560 ,λε
270 3505 294 3558 Θ
314 3509 365 3558 143
386 3501 456 3567 Διδς
475 3501 544 3560 νόον
563 3503 715 3574 είράσαιτο.
