2452 3832
521 62 742 127 „72-

127 226 178 288 καί
206 226 350 308 γραφείου
379 228 485 287 καινοῦ
513 223 562 286 καί
589 224 760 286 πινακιδίου
788 226 894 285 καινοῦ
917 225 1075 301 respondit
1097 219 1152 286 τὸν

127 328 203 387 νοῦν
230 324 446 403 παρεμφαίνων
473 325 491 384 i.
521 343 545 383 e.
575 324 745 401 dispescens
773 342 877 384 vocem
904 325 1011 384 καινοῦ
1039 325 1070 383 in
1099 323 1151 386 καί

126 425 181 484 νοῦ
215 415 266 504 (cf.
294 423 327 481 L.
355 422 391 481 D.
420 422 464 482 VI
492 414 536 504 3).
591 422 742 500 Diogenes
780 425 882 481 autem
919 440 988 480 curn
1020 421 1149 483 vidisset

128 521 369 600 Olympionicam
402 539 472 581 oves
504 524 677 597 pascentem
707 515 815 598 ταχέως
842 519 943 596 inquit
970 507 994 579 ὦ
1022 515 1148 597 βέλτιστε

126 615 247 697 μετέβης
285 611 344 678 ἀπὸ
376 619 435 677 τῶν
464 610 631 694 Ὀλυμπίων
663 613 711 676 ἐπί
742 609 776 676 τὰ
804 613 905 694 Νέμεα
935 609 968 697 (i.
993 635 1017 675 e.
1046 613 1148 694 νέμεα,

126 710 260 794 ‘pascua’
280 716 313 775 L.
332 717 368 775 D.
388 715 432 775 VI
451 707 519 796 49),
542 718 635 792 atque
659 718 818 774 centauros
842 714 918 774 duos
936 714 1066 792 pessime
1084 715 1148 791 pic-

126 819 174 876 tos
197 814 329 874 intuitus
352 812 553 891 interrogavit
576 805 624 892 (L.
647 812 683 870 D.
707 811 751 871 VI
776 804 847 893 51):
875 816 945 872 uter
967 813 1076 872 horum
1102 817 1149 872 est

127 910 264 988 Xra'prov?
298 903 395 991 (qnod
427 911 511 971 valet
543 913 574 969 et
601 903 738 969 ‘Chiron’
774 914 804 970 et
827 901 1010 990 ‘deterior').
1061 910 1149 970 Idem

126 1001 174 1090 (L.
198 1009 234 1068 D.
253 1007 298 1067 VI
322 1000 380 1088 68)
404 1007 520 1067 medico
544 1007 668 1066 moecho
691 1008 812 1084 puellae
837 1006 1000 1084 aliquando
1024 1008 1149 1066 oculum

127 1105 249 1165 curanti
271 1105 378 1182 suasit,
401 1108 437 1164 ut
460 1089 580 1164 caverit
602 1122 639 1161 ne
663 1103 790 1182 virginis
814 1105 936 1164 oculum
955 1122 1063 1164 curans
1083 1123 1149 1165 cor-

126 1206 282 1280 rumperet
304 1195 359 1279 τὴν
381 1194 475 1279 κόρην
499 1193 595 1281 (quod
617 1200 761 1260 nimirum
784 1219 879 1278 aeque
898 1193 1074 1277 ‘pupillam’
1102 1206 1149 1262 at·

128 1320 187 1378 que
211 1291 374 1375 ‘puellam'
405 1291 579 1380 significat).
624 1298 763 1373 Denique
792 1289 840 1377 (L.
863 1297 899 1356 D.
923 1298 967 1356 v]
992 1290 1049 1380 61)
1078 1317 1149 1358 cum

129 1416 165 1458 ex
198 1416 233 1457 eo
267 1397 350 1458 cuias
382 1415 458 1473 puer
492 1397 614 1473 quidam
647 1398 804 1471 stupratus
837 1399 917 1454 esset
950 1401 1151 1471 quaereretur

133 1488 275 1575 Τεγεάτης
298 1493 466 1572 respondit,
490 1513 549 1571 quo
574 1494 665 1555 verbo
690 1496 721 1551 ct
743 1492 818 1552 civis
842 1493 958 1570 Tegeae
982 1493 1066 1552 urbis
1090 1493 1149 1552 Ar-

128 1594 248 1653 cadicae
280 1596 406 1652 notatur
436 1596 467 1652 et
494 1593 583 1651 homo
611 1589 775 1668 lupanaris.
822 1588 965 1650 Conferas
989 1594 1150 1666 praeterea

128 1692 169 1752 sis
193 1691 226 1751 L.
250 1691 287 1750 D.
311 1690 355 1749 VI
379 1690 430 1750 οἳ.
455 1691 507 1751 59.
532 1691 582 1748 62.
609 1691 664 1765 683
689 1687 781 1764 stou,
803 1689 889 1760 μοναί.
913 1687 1021 1746 LXXX
1047 1690 1074 1746 6.

193 1787 277 1847 Haec
296 1792 399 1848 autem
418 1788 519 1847 omnia
534 1786 644 1865 quibus
659 1784 818 1862 splendent
831 1785 1006 1862 cynicorum
1019 1784 1149 1846 σπονδο-

127 1881 226 1966 γίλοια
254 1885 349 1964 ¹vides
390 1903 485 1963 qnam-
518 1883 638 1964 egregie
676 1882 848 1958 conspirent
885 1901 953 1942 cum
988 1881 1032 1941 eis
1070 1901 1149 1958 quae

128 1984 252 2060 propria
275 2002 339 2043 esse
363 1983 425 2043 dixi
448 1980 583 2041 Timonis
606 1981 758 2058 sillorum3
782 1981 886 2040 eadem
910 1980 988 2040 enim
1011 1984 1059 2040 est
1081 1980 1150 2060 δογ-

129 2082 259 2157 ματικῶν
286 2080 536 2157 philosophorum
561 2078 674 2156 irrisio,
703 2077 808 2138 eadem
830 2077 1058 2138 Homericorum
1081 2097 1148 2138 ver·

130 2195 219 2237 suum
237 2177 372 2256 parodia‚
396 2177 475 2237 idem
493 2177 725 2255 παρονομασιῶν
744 2179 775 2235 et
793 2168 982 2254 ἀμφιβολιῶν
1002 2174 1147 2236 studium.

130 2281 357 2354 usurpaverunt
384 2296 455 2337 vero
484 2275 583 2354 cynici
608 2274 685 2334 hanc
713 2273 862 2334 rationem
889 2292 949 2332 non
971 2276 1093 2332 tantum
1117 2273 1149 2332 in

128 2374 306 2452 vulgaribus
336 2371 638 2435 sermocinationibus
665 2376 758 2449 atque
786 2371 817 2430 in
845 2371 975 2449 dialogis
1002 2374 1033 2430 et
1056 2370 1148 2432 ohriis

129 2471 181 2531 sed
204 2472 237 2530 in
259 2471 386 2548 poeticis
411 2487 530 2549 quoque
555 2470 676 2546 scriptis
698 2467 847 2550 παιγνίοις
870 2469 947 2528 aliis.

195 2569 262 2628 lam
285 2585 356 2629 vero
374 2567 514 2628 nonnulli
533 2586 637 2630 eorum
656 2572 891 2645 composuerunt
908 2567 1050 2644 poemata
1069 2585 1148 2642 quae

131 2684 249 2726 summo
273 2664 340 2724 iure
363 2668 394 2724 et
415 2665 513 2742 possis
537 2668 568 2724 et
591 2664 699 2724 debeas
722 2682 897 2741 nuncupare
921 2663 1034 2723 sillcs.

196 2761 314 2822 Horum
337 2763 454 2840 primus
478 2762 580 2822 extitit
598 2760 724 2822 Crates
743 2762 903 2824 Thebanus
928 2761 1014 2821 cuius
1034 2759 1150 2838 scripta

127 2865 285 2937 tamquam
311 2861 465 2936 exemplar
491 2859 620 2919 maxime
648 2858 767 2938 insigne
793 2862 845 2921 τοῦ
870 2859 1007 2920 Κννικοῦ
1035 2850 1149 2935 τρόπον

128 2957 245 3036 profert
266 2956 454 3034 Demetrius,
482 2957 516 3016 de
543 2957 641 3018 elocut.
665 2953 685 3033 ξ
710 2959 773 3018 259
799 2949 842 3038 (p.
863 2958 941 3034 318,
966 2958 985 3016 3
1012 2946 1149 3037 Speng.)

129 3059 266 3116 servatae
293 3055 372 3114 enim
395 3057 468 3114 sunt
490 3058 551 3114 tres
574 3055 721 3132 reliquiae
744 3054 854 3132 quibus
877 3052 1051 3132 philosophi
1075 3051 1150 3111 Stil·

128 3171 190 3229 pon
208 3151 403 3228 Asclepiades
421 3151 573 3211 Phliasius
592 3152 784 3212 Menedemus
802 3152 954 3229 homoque
972 3149 1150 3226 ceteroquin

127 3249 251 3327 ignotus
280 3248 410 3326 Micylns
442 3247 690 3327 perstringuntur
720 3248 857 3310 versibus
885 3247 1067 3308 hexametris
1095 3247 1149 3305 ad-

128 3347 252 3405 modum
288 3345 385 3406 facete
422 3365 458 3405 ex
494 3345 626 3406 Homero
663 3346 790 3430 detortis
828 3350 921 3423 atque
958 3338 1150 3423 ἀμφιβολιῶν

123 3444 250 3520 egregia
276 3443 424 3504 vanatate
448 3443 608 3503 distinctis.
641 3429 717 3521 quas
740 3444 820 3504 inter
842 3462 873 3502 se
896 3442 1065 3502 arctissimo
1083 3440 1151 3501 vin-
