2438 3832
76 157 345 200 rn.nxm-nxv11
459 171 503 182 —
549 134 612 199 187
662 171 701 179 —-

77 317 112 358 eo
127 298 209 374 quod
222 283 304 357 hand
317 299 395 356 male
410 316 490 357 nuno
507 289 554 378 (in
567 297 637 375 Lyn
653 297 703 358 Gr.
718 299 788 358 edit.
804 302 914 376 quarte
923 298 955 358 Π
968 319 997 375 p.
1009 291 1088 381 259)

33 395 34 398 ’
75 394 227 472 Bergkius
250 395 390 472 coniecit,
413 413 534 455 versum
551 395 639 453 illum
656 394 849 472 Hipponeum
871 396 1003 473 petitum
1026 414 1089 456 esse

78 511 113 552 ex
137 492 352 570 epigrammate
382 492 462 570 quod
488 491 526 550 ab
549 492 615 568 ipso
638 490 778 568 Hippone
802 493 1002 570 compositum
1025 511 1089 553 esse

76 593 180 649 narrat
203 587 338 649 Clemens
361 589 445 648 Alex.
469 592 615 665 protrept.
640 590 695 665 48,
724 588 776 648 sed
804 589 841 647 ab
870 591 931 650 alio
962 609 1021 668 qno
1050 591 1088 650 ad

75 687 235 749 ridendum
256 686 471 764 philosophum
493 687 609 746 factum
632 703 695 744 esse
719 690 853 762 apparet.

374 923 631 980 FRAGMENTVM
650 923 792 978 DVBIVM

31 1119 33 1124 ,
418 1056 516 1116 nxvr
539 1048 595 1137 (er
615 1047 749 1137 prone.)

122 1137 224 1220 σιρός.

145 1260 295 1319 Taetzae
312 1253 454 1337 περὶτῶν
473 1257 513 1330 εἰς
532 1255 586 1337 {effi
604 1251 703 1318 ιιιινιόν
722 1277 769 1335 ap.
783 1257 968 1337 Bernhardy.
988 1259 1088 1322 adnot.

77 1355 116 1414 ad
135 1357 225 1416 sehol.
246 1356 371 1434 Dionys.
389 1355 506 1434 Perieg.
524 1377 554 1433 p.
570 1357 657 1417 1010
680 1348 876 1436 σιλλογρᾶφος
899 1353 932 1416 δέ
949 1379 991 1430 τις
1009 1351 1041 1418 τὸ
1059 1356 1089 1418 σί

77 1443 124 1533 (id
147 1457 193 1512 est
215 1446 246 1513 τὸ
270 1469 299 1513 σι
321 1453 353 1512 in
380 1471 452 1513 voce
477 1443 558 1530 σιρός
586 1451 624 1511 ab
653 1453 775 1530 optimis
806 1453 1003 1531 scriptoribus
1027 1474 1089 1516 eor-

76 1541 212 1630 reptum)
232 1543 345 1627 μαιιρὸν
363 1543 480 1629 γράφει,
498 1543 510 1626 ΙΙ
526 1551 566 1632 τῷ
589 1540 719 1630 (correxi
741 1569 796 1628 pro
814 1543 861 1629 τὸ)
879 1549 921 1630 ῥῶ
941 1550 1026 1611 δοκεῖ
1040 1573 1090 1628 μοι

75 1648 160 1708 τοῦτο
184 1637 319 1724 μηκύνας
335 1641 423 1724 τάχει.
441 1641 452 1724 ΙΙ
474 1641 669 1724 σιλλογρᾶφος
687 1648 744 1706 νῦν
763 1639 970 1726 ὃΞενοφᾶνης
984 1641 1088 1728 (Zeno-

77 1739 177 1822 φάνης
200 1735 279 1824 eod.)
303 1739 362 1803 ἐστὶ
384 1739 434 1801 καὶ
457 1734 473 1802 ὁ
499 1740 599 1820 Τίμων
621 1739 671 1802 καὶ
693 1739 791 1822 ἕτεροι.

361 1979 622 2036 FRAGMENTVM
644 1982 807 2039 SPVRIVM

410 2113 524 2173 LXVII
547 2105 604 2195 (66
623 2107 757 2197 proeod.)

144 2235 363 2296 Eustathius
382 2236 414 2295 in
429 2235 536 2314 Odyss.
552 2229 586 2318 (δ
600 2230 825 2320 450)1505‚2
846 2233 890 2300 ὅτι
907 2234 967 2313 τὰς
986 2234 1090 2320 ὄψεις

77 2328 93 2395 ὁ
108 2326 207 2406 οἶνος
221 2335 349 2416 πλανᾷ,
364 2327 404 2405 ὥς
419 2350 492 2412 φησι
504 2334 613 2411 Τίμων,
624 2329 810 2414 δειχθήσεεαί
820 2356 880 2399 που
895 2334 928 2397 ἐν
941 2342 1002 2411 τοῖς
1015 2335 1089 2416 ἑξῆς.

143 2431 226 2492 Haeo
259 2431 343 2492 addit
369 2431 551 2492 Eustathius
578 2437 741 2513 postquam
768 2435 925 2496 Menandri
954 2437 1091 2498 versibus

78 2549 114 2590 ex
136 2529 293 2592 Athenaeo
316 2530 344 2589 X
366 2551 395 2607 p.
419 2531 498 2590 442ο
521 2531 624 2592 allatis
652 2531 705 2592 sed
732 2535 874 2594 noronte
902 2533 1024 2612 quidem
1046 2533 1091 2593 in-

75 2627 207 2688 tellectis
231 2627 330 2688 ebrios
349 2627 407 2687 sibi
425 2621 650 2706 πολυκεφάλονς
675 2628 773 2690 videri
796 2629 1002 2691 demonstrare
1025 2635 1088 2692 stu·

76 2722 152 2783 duit.
189 2742 225 2783 ea
243 2743 262 2782 a
281 2724 405 2783 Timone
426 2724 626 2786 ‘abiudicanda
650 2744 715 2786 esse
737 2726 853 2787 dudum
874 2729 978 2790 nullus
1001 2728 1088 2789 dnbi-

75 2817 155 2879 tavi:
184 2820 237 2877 sed
260 2819 314 2878 din
335 2819 421 2896 origo
443 2822 567 2896 permin‘
590 2823 699 2882 erroris
721 2842 769 2881 me
792 2824 886 2903 fugit,
909 2825 1004 2884 donee
1026 2826 1090 2886 vidi

75 2916 236 2992 paululum
259 2915 339 2974 infra
362 2916 443 2992 apud
461 2915 652 2976 Athenaeum
669 2917 697 2976 X
713 2939 743 2995 p.
762 2921 841 2978 445Θ
863 2924 934 2996 post
957 2921 1090 2982 Timonis

75 3013 133 3091 frg.
156 3012 313 3072 XXXXVI
341 3012 422 3090 quod
448 3013 548 3089 ipsum
572 3033 608 3074 ex
632 3015 763 3090 epitoma
785 3016 909 3076 iteravit
931 3016 1090 3094 episeopus

77 3101 120 3191 (v.
139 3102 246 3192 supra)
269 3110 344 3169 haee
365 3109 458 3171 verba
481 3110 594 3187 scripta
617 3128 694 3170 esse:
717 3105 761 3171 ὅτι
784 3106 817 3171 δὲ
838 3105 871 3172 τὸ
895 3106 1018 3190 μεθύειν
1039 3113 1090 3176 καὶ

75 3200 127 3279 τὰς
154 3201 240 3284 ὄψεις
266 3200 353 3285 ἡμῶν
378 3209 492 3291 πλανᾷ,
520 3208 622 3284 σαφῶς
649 3205 758 3280 ἔδειξεν
777 3201 951 3288 Ἀνάχαρσις
978 3203 1021 3271 δι’
1047 3200 1090 3272 ὧν

76 3302 180 3381 εἴρηκε.
227 3303 430 3366 somnolentia
456 3304 553 3383 igitur
581 3304 646 3366 sola
667 3305 825 3366 Eustethii
846 3307 963 3368 factum
985 3312 1090 3370 estut

78 3401 212 3461 Timonis
235 3420 344 3462 nomen
367 3405 459 3463 antea
481 3403 594 3462 lectum
617 3403 710 3463 etiam
733 3404 773 3464 ad
789 3404 864 3464 haee
882 3404 975 3466 verba
991 3408 1090 3465 trans·

77 3497 172 3557 ferret
194 3488 291 3577 (qnod
314 3516 386 3558 sane
408 3497 605 3560 coniectando
628 3500 758 3580 assessis
774 3519 872 3560 nemo
891 3489 1037 3572 petenh-
