2452 3832
460 139 679 212 -57-

62 311 113 370 hio
137 310 260 370 additur
283 309 366 372 deest
388 311 420 369 in
444 311 566 389 optimis
590 311 689 386 libris]
715 302 918 393 (Ξενοφάνης)
943 307 976 370 ἰν
998 308 1078 371 ἔπεσι

63 405 114 468 καί
141 404 267 488 ἐλεγείας
293 406 343 469 καὶ
366 403 494 488 ἰάμβους
516 402 588 469 καθ’
614 402 758 470 Ἠσιόδου
785 406 835 469 καὶ
857 401 988 486 Ὁμήρου
1016 405 1078 469 trct-

64 499 183 566 κόπτων
206 499 306 567 αὐτῶν
327 500 362 566 τά
387 504 452 583 περὶ
474 509 556 567 θεῶν
579 502 725 585 εἰρημένα.
767 507 799 566 in
822 526 882 584 quo
905 507 971 566 loco
991 525 1079 568 vexa·

64 603 182 664 tissime
205 604 337 680 primum
360 607 497 665 constare
520 604 594 663 mihi
617 604 738 665 videtur
751 604 908 682 —quode
932 605 968 662 cf.
988 605 1081 664 etiam

63 701 209 779 Ke1uius‚
231 703 279 762 ub.
304 702 473 777 Xenophon.
497 721 523 762 υ.
546 703 697 776 Kolopbon
721 694 834 782 (Sediu.
861 695 961 782 1874)
984 722 1013 778 p.
1039 703 1081 761 18·

65 799 133 859 adn.
157 801 198 858 25
224 830 280 877 ·-‚
312 792 439 877 ἰάμβους
466 799 558 860 verbo
588 818 648 858 non
675 801 834 878 vulgarem
864 799 1080 876 metricamque

65 895 316 974 significationem
343 897 440 956 inesse
468 898 520 957 sed
546 898 653 975 paullo
680 896 838 973 rariorem,
867 896 903 955 de
932 913 993 973 qua
1019 896 1081 954 iam

65 1013 158 1071 supra
179 1015 208 1071 p.
233 997 274 1054 26
299 993 374 1070 dixi,
401 994 446 1053 ita
468 998 505 1054 ut
529 994 737 1054 describantur
753 987 901 1053 ‘carmina
922 985 1080 1069 probrosa⁹

65 1093 97 1152 in
126 1092 235 1170 quibus
259 1109 336 1169 quae
356 1090 504 1151 Homerus
523 1091 733 1169 Hesiodusque
757 1091 793 1151 de
816 1090 861 1150 dis
887 1091 1082 1167 protulerunt

65 1190 229 1268 castigavit
260 1189 467 1266 Xenophanes.
523 1190 608 1250 cuius
645 1189 750 1249 iudicii
782 1188 961 1267 gravissima
992 1205 1082 1264 argu-

65 1290 169 1347 menta
191 1287 250 1346 duo
274 1287 347 1346 haec
369 1290 453 1346 sunt:
476 1286 645 1347 iamborum
663 1287 855 1364 Xenophanis
875 1305 929 1347 nec
947 1286 1018 1346 vola
1036 1287 1082 1344 est

65 1403 121 1445 neo
152 1384 333 1462 ‘vestigium
372 1402 442 1444 uam
474 1383 566 1444 verba
599 1385 747 1461 quaedam
774 1384 855 1462 apud
888 1383 1082 1443 scholiastam

66 1482 261 1559 Hippocratis
295 1481 376 1556 [vide
408 1502 488 1541 nunc
520 1483 655 1542 Erotian.
687 1503 716 1559 p.
745 1484 785 1542 18
817 1479 930 1555 Klein]
964 1483 1083 1541 servata

39 1639 41 1641 ,
65 1599 127 1640 non
154 1580 243 1640 licere
270 1580 302 1638 in
329 1579 489 1639 iambicam
516 1581 644 1639 formam
667 1580 811 1658 redigere,
834 1579 999 1638 rectissime
1022 1578 1084 1635 iam

67 1678 207 1754 exposuit
224 1677 402 1754 Meinekius,
420 1679 525 1736 otodtc.
546 1676 679 1736 Stroboo.
699 1698 727 1752 p.
748 1679 825 1751 2173
849 1675 924 1733 mihi
941 1674 1083 1734 videntur

67 1793 104 1834 ea
131 1774 309 1850 simpliciter
336 1777 471 1850 spectare
499 1773 538 1831 ad
562 1773 736 1832 notissimae
760 1771 874 1850 elegiae
899 1763 933 1850 (7
958 1763 1083 1852 Bergk.)

67 1890 188 1942 versum
216 1872 354 1931 alterum.
401 1869 470 1928 dein
498 1869 524 1928 si
550 1864 677 1948 ἰάμβους
704 1873 834 1929 metrum
857 1868 1020 1946 significat,
1052 1864 1085 1928 ἰν

67 1967 149 2028 ἔπεσι
180 1967 370 2028 referendum
401 1969 447 2026 cst
474 1967 513 2026 ad
539 1967 728 2042 hexametros
755 1968 902 2044 heroicoS,
934 1965 981 2025 his
1013 1984 1084 2026 vcro

68 2069 176 2126 notum
214 2068 259 2124 est
295 2062 462 2123 Homerum
498 2063 724 2143 Hesiodumque
762 2083 780 2124 a
810 2064 994 2140 Xenophane
1030 2063 1084 2121 im·

67 2164 221 2242 pugnatos
236 2179 313 2237 esse;
332 2161 436 2238 itaque
449 2161 648 2239 philosophus
663 2161 762 2222 tribus
776 2177 899 2240 poeseos
914 2161 1082 2240 generibus,

67 2258 251 2320 hexametris
278 2259 382 2336 elegiis
404 2258 523 2338 iambis,
546 2264 651 2338 poetas
674 2260 744 2319 illos
768 2260 932 2337 castigasse
951 2262 1086 2318 statuen-

69 2357 127 2417 dus
160 2359 251 2433 esset,
285 2356 366 2433 quod
399 2375 515 2417 omnem
545 2357 634 2416 fidem
663 2356 786 2416 excedit.
832 2355 1084 2416 Wilamowitzius

70 2474 143 2515 voro
162 2455 392 2515 commentariolo
408 2458 597 2530 orommattoo
616 2456 647 2514 ΙΙ
666 2447 791 2536 (proem.
810 2453 870 2513 ind.
890 2453 957 2512 lect.
974 2451 1086 2530 (tryph.

72 2543 247 2632 1880s1)p.
264 2554 282 2611 7
302 2552 376 2612 haec
395 2554 433 2614 ad
452 2571 560 2614 unum
579 2554 707 2614 coniecit
724 2552 874 2629 pertinere
889 2569 1017 2628 carmen,
1036 2551 1086 2610 cui

69 2651 203 2709 inessent
233 2648 327 2708 iambi
358 2669 412 2727 per
444 2653 579 2709 saturam
612 2651 738 2711 admixti
765 2650 877 2710 herois:
910 2649 961 2708 sed
985 2681 1026 2690 -
1050 2651 1087 2708 ut

71 2747 133 2806 alia
151 2747 187 2806 de
208 2746 318 2824 quibus
331 2747 412 2806 inira
425 2746 523 2806 dicam
537 2767 616 2807 nuno
630 2749 752 2808 mittam
766 2781 807 2790 -
824 2747 973 2824 quomodo
987 2745 1087 2806 verbis

70 2843 192 2904 traditis
211 2861 330 2903 carmen
348 2843 530 2904 heroiambis
546 2837 635 2925 (quos
649 2845 723 2904 dicit
736 2838 872 2925 Taetzes)
887 2844 1088 2920 compositum

72 2940 236 3020 significari
268 2939 415 3017 potuerit,
449 2940 522 3016 quid
549 2941 741 3018 potissimum
768 2940 868 3000 verbis
891 2936 941 3000 καί
963 2935 1088 3016 ἐλεγείας

72 3037 243 3106 faciendum
266 3038 319 3115 sit,
342 3037 407 3114 ipse
430 3037 549 3097 viderit.

139 3136 217 3196 Item
244 3132 278 3195 ἰν
305 3131 385 3195 ἔπεσι
412 3138 514 3211 potest
541 3135 704 3211 dupliciter
731 3133 888 3210 explicari,
918 3136 973 3192 aut
1000 3151 1088 3210 geue-

71 3233 179 3293 raliter
216 3223 361 3312 (scripsit
394 3232 531 3293 versibus
564 3231 740 3292 constrictos
773 3230 879 3308 libros,
918 3248 1028 3307 eosque
1060 3234 1090 3290 et

72 3331 186 3408 elegias
214 3335 246 3391 ct
268 3331 401 3390 carmina
423 3319 569 3408 probrosa
592 3332 697 3389 contra
719 3329 885 3388 Homerum
908 3326 1087 3387 Hesiodum-

73 3419 160 3509 que’)
195 3434 250 3488 aut
281 3429 493 3507 singulariter·
511 3420 656 3510 (scripsit
688 3426 818 3486 carmine
851 3425 985 3501 heroico,
1017 3424 1091 3482 item

74 3525 188 3604 elegias
222 3530 252 3585 et
285 3526 417 3587 carmina
448 3525 597 3606 probrosa
626 3527 736 3588 contra
759 3523 862 3584 Hom.
892 3513 992 3596 θοὴ.
1037 3515 1119 3567 ‘ms
