2454 3840
535 172 577 182 -
626 137 689 200 182
735 171 777 180 -
1040 159 1170 201 rurorus

151 303 184 362 in
207 320 267 380 quo
291 300 423 379 gallinae
445 303 564 377 ponunt
587 317 645 360 ova
667 302 722 359 aut
744 297 960 358 incubant...
982 299 1058 376 quia
1080 300 1170 378 galli·

151 399 199 460 nis
222 397 435 458 incubantibus
458 398 544 475 large
567 395 651 456 cibus
675 395 808 472 obsipan'
830 396 921 473 solet,
944 396 1015 456 inde
1039 390 1072 457 τὸ
1095 419 1169 474 μου·

108 573 111 576 .
152 499 232 555 σεῖον
254 498 346 572 poeta
364 495 416 555 ille
435 494 560 554 mordax
577 486 703 571 τάλαρον
725 493 855 570 vocarit,
877 494 910 552 in
934 513 994 571 quo
1014 493 1170 571 sophistae

154 592 345 670 grammatici
376 594 484 668 poetae
513 590 545 650 id
572 608 667 668 genus
699 590 834 650 homines
863 590 971 667 opimis
998 590 1170 651 honorariis

154 707 232 768 quae
254 688 472 749 aPtolemaeie
494 685 702 764 percipiebant
725 681 905 748 alebantur?
942 691 1170 748 vereortamen

153 790 190 848 ut
211 789 293 846 recte
312 785 360 846 vir
378 784 505 844 eximius
529 775 628 865 (nisus
650 785 757 860 procul
780 783 871 844 dubio
891 781 1081 844 Columellas
1096 785 1171 844 Vm

156 886 272 945 sets
303 882 532 960 gallinariorum
564 873 779 964 descriptione)
811 882 856 941 ita
888 882 1045 958 statuerit;
1078 883 1170 942 immo

155 981 277 1040 aliunde
308 978 489 1056 proficiscor.
535 977 736 1040 Alexandriae
772 978 803 1038 in
834 978 920 1057 regia
946 996 966 1037 a
992 978 1170 1038 Ptolemaeo

154 1078 354 1153 Philadelpho
380 1077 513 1153 primum
540 1107 582 1116 —
607 1079 697 1136 antea
725 1075 805 1134 enim
831 1075 966 1151 paradisi
993 1077 1097 1136 solum
1124 1077 1171 1138 vel

154 1174 305 1251 leporaria
328 1177 401 1233 nota
425 1176 512 1232 erant
535 1203 577 1213 —
599 1165 754 1252 πάναγρον
777 1172 858 1250 quod
880 1171 1041 1232 Athenaeo
1064 1173 1085 1231 l.
1107 1191 1129 1233 s.
1148 1191 1169 1232 s.

155 1271 231 1330 duce
255 1269 393 1346 dixerim,
415 1271 566 1329 nostrates
590 1261 786 1342 ‘Mencpcrc'c'
810 1269 966 1344 appellant
990 1268 1170 1329 institutum

156 1371 203 1426 est
222 1384 257 1425 eo
276 1365 414 1442 oonsilio,
437 1368 474 1425 ut
491 1365 607 1426 rariora
626 1368 657 1426 st
674 1365 824 1426 notabilia
844 1365 987 1425 animalia
1010 1366 1171 1444 peregrina

155 1463 298 1540 impensis
321 1461 414 1540 regiis
432 1465 522 1538 capta
540 1462 723 1540 standique
746 1462 805 1522 huc
823 1463 974 1522 translata
994 1462 1028 1522 in
1047 1463 1170 1524 aversis

158 1563 312 1622 alerentur
342 1561 372 1619 et
401 1559 595 1620 domarentur
626 1559 906 1636 spectatoribusque
930 1559 1172 1632 ,ostenderentur

157 1663 189 1720 et
210 1656 391 1736 praeberent
417 1659 453 1715 ut
480 1673 549 1715 cum
571 1655 796 1734 Agatharchide
823 1657 933 1733 loquar
962 1647 1025 1737 (ap.
1049 1657 1170 1716 Diodor.

158 1747 279 1834 11137)
302 1757 362 1826 τοῖς
380 1752 421 1825 εἰς
439 1745 494 1830 τὴν
512 1751 662 1831 βασιλείαν
683 1745 907 1832 παραβάλλουσι
924 1749 1020 1825 ξένοις
1038 1750 1171 1833 μέγιστον

157 1851 207 1915 καὶ
229 1843 468 1931 παραδοξότατον
490 1846 597 1927 θέαμα.
644 1849 720 1909 dixit
745 1850 782 1910 de
805 1851 861 1910 hoc
884 1849 1092 1910 Alexandrino
1116 1855 1169 1927 θη-

158 1948 331 2030 ριοτροφείῳ
354 1945 508 2007 Iacobsius
527 1947 565 2006 ad
584 1946 701 2006 Aelian.
721 1947 790 2007 bist.
811 1948 900 2008 anim.
915 1947 962 2006 Ill
977 1949 1031 2025 44,
1053 1951 1129 2007 tom.
1142 1947 1171 2006 H

157 2069 186 2125 p.
208 2049 270 2106 123
295 2048 327 2106 et
344 2043 525 2122 Lumbroso,
548 2044 672 2104 mercha
689 2041 900 2104 Alcsscndrtnc
921 2065 950 2121 p.
970 2046 1012 2103 85
1034 2045 1103 2104 adn.
1125 2047 1171 2104 15.

159 2144 240 2202 inter
266 2141 342 2200 alias
369 2139 482 2200 bestias
510 2140 603 2199 etiam
629 2139 780 2217 pretiosae
808 2158 879 2201 aves
910 2140 1116 2218 pascebantur
1144 2145 1172 2202 et

159 2239 213 2318 qui
235 2241 336 2299 totum
358 2230 514 2316 uoivuypov
537 2236 694 2313 descripsit
716 2255 769 2295 rex
789 2237 980 2298 Ptolemaeus
1003 2238 1172 2318 Euergetes

158 2338 190 2398 H
213 2329 276 2419 (ap.
295 2335 405 2395 Athen.
424 2333 495 2393 XIV
518 2353 546 2412 p.
567 2326 659 2416 654⁰)
681 2337 803 2411 praeter
825 2335 901 2394 alias
925 2336 1019 2396 etiam
1040 2336 1172 2396 fasianos

159 2433 413 2496 commemoravit.
451 2421 646 2511 (decollabor
669 2431 817 2492 vocabulo
840 2432 877 2491 cf.
895 2432 1037 2493 Eustath.
1056 2434 1077 2492 l.
1098 2452 1120 2493 s.
1145 2435 1173 2492 et

161 2530 330 2592 Columella
352 2527 429 2587 VIII
449 2529 467 2586 3
496 2526 532 2586 de
555 2525 694 2586 vimineis
723 2529 822 2606 qualis
851 2548 927 2607 quos
950 2530 982 2588 in
1005 2529 1173 2608 gallinariis

160 2627 371 2704 imposuerunt
394 2614 565 2703 disserens.)

227 2722 366 2781 Museum
388 2721 485 2799 igitur
507 2719 746 2780 Alexandrinum
769 2722 800 2780 in
824 2723 891 2798 ipsa
913 2723 998 2800 regia
1021 2723 1116 2782 situm
1143 2723 1173 2781 in

161 2839 221 2898 quo
247 2816 379 2879 coccina
402 2817 551 2878 sodalium
574 2819 747 2896 poetarum,
771 2819 1052 2897 grammaticorum,
1076 2820 1173 2896 philo·

160 2919 324 2998 sophorum
350 2916 493 2994 publicis,
521 2916 540 2974 i.
564 2933 589 2974 e.
612 2915 704 2994 regiis
733 2915 904 2992 sumptibus
931 2915 1123 2975 habebantur
1145 2919 1174 2975 ot

159 3017 294 3094 undique
322 3014 457 3092 congesti
485 3013 635 3073 notabiles
663 3013 694 3070 in
717 3011 828 3071 littaris
851 3012 987 3072 homines
1011 3030 1174 3091 congrega·

160 3113 286 3188 bantur,
315 3111 434 3171 Timoni
458 3109 546 3187 quasi
569 3110 700 3168 alterum
724 3108 876 3185 quoddam
898 3103 1053 3188 sadrappae
1076 3109 1175 3170 risum

57 3287 58 3292 ἵ
161 3211 219 3269 est:
247 3207 307 3284 ipsi
332 3207 506 3284 philosophi
529 3239 570 3248 —
594 3223 665 3266 nam
692 3205 746 3265 hos
774 3205 873 3266 solum
901 3205 976 3266 dicit
999 3197 1041 3286 (v.
1065 3205 1175 3266 Athen.

160 3304 181 3363 l.
200 3321 222 3364 s.
242 3295 294 3385 s),
325 3321 422 3379 neque
451 3302 532 3381 quod
558 3306 628 3379 post
656 3303 732 3362 alios
762 3301 891 3363 credidit
913 3302 1175 3380 Wilamowitaius‚

160 3399 322 3475 Antigones
348 3420 376 3475 p.
403 3402 464 3459 167
493 3403 600 3476 poetas
624 3430 665 3440 -
689 3403 847 3476 tamquam
877 3399 1007 3460 rariores
1041 3418 1113 3462 ares
1145 3400 1176 3458 in

161 3497 302 3574 quasillis
332 3496 382 3555 vsl
413 3495 446 3554 in
476 3515 587 3574 magno
614 3496 670 3556 illo
698 3497 796 3557 Musei
828 3497 958 3574 quasillo
987 3498 1176 3575 saginantur.
