2452 3832
153 772 233 848 Silli,
258 771 389 832 Graecae
412 789 538 850 poeseos
558 791 653 850 genus
671 776 708 832 ut
725 791 781 849 per
799 789 830 830 se
850 772 924 831 satis
943 772 1097 850 singulare

85 874 116 930 et
139 870 246 931 subtili
268 871 509 947 perscrutatione
532 871 658 949 dignum
681 871 726 938 ite
748 869 882 930 nondum
906 889 941 930 en
965 889 1026 949 qno.
1048 873 1097 932 de-

15 985 19 990 ·
84 973 132 1029 cet
155 969 315 1047 diligentia
338 961 579 1050 exploratum¹)‚
604 969 728 1046 quinem
752 971 783 1029 et
806 968 911 1045 quoles
934 967 1051 1028 inerint
1072 969 1120 1028 si.

83 1065 259 1142 dignoscere
278 1065 337 1143 vis,
356 1066 477 1127 tribus
497 1055 569 1127 licet
587 1066 645 1128 viis
663 1066 834 1144 procedere.
865 1066 998 1143 primum
1017 1066 1098 1127 enim

82 1163 196 1239 poteris
224 1163 327 1224 videre
358 1164 431 1240 quid
460 1183 496 1224 ex
523 1165 619 1242 ipsius
647 1165 729 1226 vocis
756 1163 858 1224 radice
887 1169 918 1225 et
944 1168 1097 1241 potestate

84 1260 153 1320 elici
177 1264 282 1338 queat,
312 1264 379 1320 tum
407 1280 552 1339 quaerere
581 1281 641 1340 quc
668 1263 786 1324 ratione
809 1281 828 1321 n
850 1261 974 1321 Graecis
998 1281 1096 1340 grem-

82 1357 201 1418 meticis
221 1358 359 1418 siilorum
377 1363 488 1446 nature
507 1356 658 1438 descripto
677 1361 730 1438 sit,
754 1361 883 1438 denique
904 1380 940 1419 ex
959 1360 1097 1420 sillorum

47 1495 54 1508 .
83 1456 220 1532 reliquiis
245 1475 350 1516 eornm
373 1458 504 1534 speciem
527 1458 715 1518 adumbrare.
874 1449 876 1454 ’

148 1543 304 1612 ¹Primum
327 1573 399 1613 sane
422 1555 504 1616 viam
526 1557 679 1633 persecuti
701 1575 810 1633 parum
832 1554 1033 1632 proficiemus.

15 1711 19 1718 ,
87 1705 90 1712 ,
150 1650 230 1708 Num
244 1650 361 1728 σίλλος
376 1643 541 1732 (quomodo
556 1653 747 1740 scribendum
761 1643 860 1732 csse²)
875 1651 992 1722 ,diserte
1010 1669 1096 1726 pree·

27 1809 29 1816 ,
84 1746 165 1822 cepit
187 1746 378 1832 Herodianus
401 1745 467 1825 περὶ
486 1746 626 1824 μον.·λίξ.
649 1770 678 1826 p.
695 1754 745 1826 11,
761 1752 802 1808 26
826 1748 915 1807 Dind.
940 1751 971 1806 et
993 1752 1098 1808 καθολ.

85 1841 214 1924 prospe.
237 1863 266 1919 p.
283 1844 391 1919 158‚1
418 1835 536 1925 Lentz.)
560 1846 634 1922 quid
657 1846 807 1924 significet
830 1843 1005 1906 certissimis
1028 1863 1097 1904 con-

24 1931 31 1944 '
85 1943 147 1999 stet
178 1939 374 2018 testimoniiS,
407 1942 545 2018 quemvis
578 1939 614 2000 de
646 1943 729 2003 vocis
753 1943 950 2004 'derivatione
981 1923 1063 2001 cum'
1080 1937 1104 2002 ελ

83 2037 237 2098 veteribus
256 2040 324 2095 tum
343 2056 361 2096 e
378 2038 550 2098 recentibus
569 2041 774 2116 grammaticis
780 2033 808 2121 ³)
821 2042 909 2102 valde
923 2041 1099 2119 ambigatur

83 2138 115 2194 et
142 2134 240 2194 adhue
268 2134 324 2193 sub
352 2135 451 2196 indice
479 2136 517 2194 iis
542 2133 590 2196 sit.
631 2138 751 2220 proprie
780 2138 861 2196 enim
889 2137 984 2208 σίλλος
1011 2138 1099 2197 cudit

84 2232 136 2309 qui
168 2233 262 2314 vulgo
295 2224 434 2312 στρᾶβος,
466 2234 561 2293 latine
594 2217 727 2316 είίαίλοι)
759 2238 851 2313 atque
881 2234 1046 2294 σολλσιίνειν
1067 2239 1098 2295 et

155 2413 181 2488 1)
209 2419 335 2488 Egerunt
362 2417 397 2475 de
426 2420 466 2474 eis
495 2419 523 2475 O.
543 2419 564 2474 Ι.
584 2417 703 2474 Ξλοοοσ
718 2407 777 2474 ‘De
805 2419 891 2476 sillis’
923 2419 994 2490 disp.
1018 2408 1097 2474 acad.

81 2498 210 2570 praeside
232 2499 292 2556 Pet.
312 2499 497 2554 Eckermsnn.
531 2499 730 2570 Vpssl.1746;
762 2501 796 2555 is.
820 2501 865 2558 Fr.
889 2499 1098 2570 Lungheinrich

84 2579 141 2634 ‘De
159 2577 277 2635 Timone
296 2577 487 2649 sillographo’
509 2579 574 2633 diss.
593 2579 607 2631 I
625 2577 712 2649 (Lips.
734 2571 814 2649 1'12'0)
833 2598 860 2650 p.
876 2585 996 2648 λεί-λίς
1015 2578 1045 2635 F.
1063 2581 1096 2636 Α.

82 2657 201 2713 Woelke
222 2658 280 2713 ‘De
300 2657 470 2714 Graecorum
487 2657 574 2712 sillis'
594 2657 711 2725 Vereor.
732 2664 814 2727 18203
832 2660 862 2717 F.
881 2659 952 2714 Penl
972 2659 1029 2715 ‘De
1049 2658 1098 2715 sil-

81 2737 118 2792 lis
138 2737 323 2794 Graecornm’
343 2738 464 2793 Berolin.
486 2743 567 2804 1821;
591 2738 625 2792 A.
639 2739 760 2794 Welend
781 2738 839 2795 ‘De
857 2739 979 2808 prescip.
999 2741 1096 2808 pcrod.

48 2867 50 2870 .
83 2819 194 2874 Homer.
216 2818 398 2887 scriptoribus
417 2835 461 2888 op.
481 2817 539 2872 Gr!
560 2817 697 2887 (Gotting.
709 2820 789 2888 1833)
804 2837 831 2888 p.
839 2824 962 2883 ·1o-21;
983 2822 1097 2872 50-58.

154 2901 181 2968 2)
199 2896 347 2952 Pelluntur
360 2896 448 2967 igitur
461 2895 640 2952 Tittmennus
654 2897 690 2950 ad
705 2898 802 2953 Zonsr.
818 2916 846 2967 p.
858 2901 927 2951 1648
943 2898 972 2949 et
981 2895 1096 2972 Pauline

104 2984 156 3034 ‚11
178 2980 236 3033 not.
251 2977 269 3031 f.
743 3025 744 3028 ,

81 2995 101 3048 p
154 3059 181 3127 3)
200 3055 354 3110 Multorum
369 3053 544 3124 opinationes
559 3053 702 3123 congessit
714 3055 829 3110 Pontius
842 3071 870 3124 p.
883 3061 979 3123 7-18,
995 3055 1096 3126 quibus

85 3136 191 3191 adicias
211 3133 388 3210 Doederlinii'
407 3131 595 3188 commentum
620 3132 696 3202 quod
717 3133 867 3204 proposuit
889 3133 933 3190 De
951 3137 1035 3206 ulpho
1052 3137 1096 3191 iu·
1119 3169 1121 3174 ·

84 3218 186 3272 teusioo
204 3233 281 3271 scrut.
303 3215 352 3270 Gr.
371 3231 399 3284 p.
416 3218 462 3281 ¹83
481 3215 576 3268 cetero
594 3229 812 3270 commemorare
829 3215 934 3272 taedet.

156 3299 184 3367 4)
208 3295 293 3365 Apud
311 3293 478 3362 Luciannm,
496 3294 652 3365 Deceptae.
672 3301 688 3350 8
711 3294 741 3349 in
764 3293 843 3350 libris
867 3296 911 3350 ost
930 3290 985 3365 ἐγώ
1006 3296 1096 3359 σίλλος

84 3377 168 3444 (nunc
193 3369 266 3437 ἰλλός
292 3375 391 3446 legunt
414 3375 463 3428 sed
491 3374 582 3436 σίλλος
604 3371 737 3430 defendit
757 3374 937 3430 Fritnseiixns
956 3375 1001 3425 sd
1020 3373 1117 3451 siff-m-

45 3461 49 3466 '
85 3454 186 3511 wesin.
204 3472 227 3511 v.
243 3459 295 3511 846
303 3472 332 3527 p.
343 3458 416 3528 327),
436 3445 458 3512 ὦ
474 3451 614 3534 δέσποτα,
626 3452 792 3531 pepicnpuc
805 3451 841 3510 de
852 3447 1021 3518 nesundicus
1030 3441 1145 3504 <ipim
