2454 3840
532 155 574 164 -
624 120 685 184 198
733 155 774 162 -
1007 143 1160 185 cnsnsrrs

146 283 329 342 Ribbeolnius
346 282 377 340 in
392 287 449 342 cot.
464 300 523 342 soc.
538 282 619 360 Lips.
633 285 693 345 rol.
707 284 779 343 XXI
794 275 966 363 (phil-hist.
981 286 1018 343 ol.
1033 286 1095 345 vol.
1108 281 1163 361 lx)

146 403 176 458 p.
200 383 238 439 18
253 397 320 458 'sq.:
345 381 484 440 omnibus
506 399 569 440 unc
592 381 697 440 subest
719 381 812 458 notio,
836 400 914 458 quse
937 382 1030 443 verbo
1055 377 1165 462 μα’ργος

146 483 286 542 accurate
317 479 502 556 declaratur3
534 480 616 556 quod
643 498 698 539 nos
727 481 925 556 reposuimus.
956 512 995 521 -
1025 480 1164 557 Denique

147 581 275 640 ultimus
293 595 399 639 versus
418 576 552 636 nondum
569 581 749 654 personatus
763 577 897 638 videtur:
915 598 963 637 me
978 581 1060 637 certe
1075 579 1164 656 fugit,

146 677 297 758 quomodo
320 675 418 753 possit
440 667 517 734 diris
542 671 694 751 κέκτηνται
717 675 861 754 coniungi
882 696 952 735 cum
974 676 1075 736 verbis
1098 675 1167 751 περὶ

145 774 285 855 κέρματος
304 778 340 833 ‘et
362 769 429 851 περὶ
452 765 555 850 δόξης;
579 772 730 832 sententia
752 773 921 833 necessaria
942 775 1085 834 hocloco
1106 779 1164 834 est:

144 870 254 952 ‘neque
283 874 319 932 de
346 869 474 950 pecunia
502 889 598 946 neque
627 869 663 930 de
691 870 933 948 dogmatioorum
960 871 1083 948 placitis
1109 893 1164 932 un·

146 992 238 1052 quam
270 970 352 1030 rixae
386 960 545 1044 existunt’3
581 968 685 1046 itaque
718 960 794 1028 ὅπλα
825 972 947 1028 κινεῖται
977 969 1082 1046 potius
1115 971 1164 1031 vel

148 1072 210 1132 tole
235 1068 308 1145 quid
331 1065 477 1142 expectes.
499 1131 501 1136 ,

212 1167 320 1226 Peram
352 1184 421 1224 cum
452 1163 570 1240 reliquo
603 1161 809 1222 mendicorum
841 1163 955 1222 vestitu
984 1163 1103 1239 primus
1134 1165 1164 1223 in

145 1265 290 1342 Cynicam
318 1266 432 1321 sectam
456 1261 604 1322 invexisse
627 1259 824 1321 Antisthenes
850 1261 1028 1338 perhibetur
1051 1262 1089 1320 ab
1113 1281 1164 1338 op-

144 1361 227 1421 timis
260 1359 390 1419 testibus
417 1357 522 1416 Diocle
550 1361 582 1416 et
608 1357 747 1417 Neanthe
776 1348 873 1438 (opud
900 1358 999 1418 Laert.
1022 1359 1068 1418 VI
1095 1352 1163 1440 13);

144 1459 214 1517 inde
247 1476 265 1516 a
294 1456 430 1534 Diogene
463 1458 543 1514 certe
576 1456 673 1532 cynici
705 1455 782 1532 stipe
815 1456 942 1515 collecto
974 1456 1164 1534 victitcrunt,

146 1554 283 1618 contenti
308 1573 380 1613 sane
406 1552 473 1613 cibo
497 1553 732 1630 simplicissimo,
760 1572 820 1631 quo
844 1555 926 1613 vesci
949 1554 1089 1615 solebant
1112 1556 1163 1614 ho·

145 1655 240 1712 mines
273 1670 421 1730 pauperes
454 1649 490 1710 de
523 1651 626 1709 infima
653 1651 740 1728 plebe
768 1652 853 1712 velut
882 1652 1008 1729 milites,
1042 1657 1164 1732 nautae,

147 1752 213 1829 alii,
247 1752 369 1827 qualem
397 1749 515 1828 duobus
543 1748 642 1809 verbis
669 1752 790 1825 praeter
817 1750 893 1809 alios
920 1750 1082 1827 descripsit
1105 1752 1164 1812 Lu-

145 1849 250 1909 cienus
269 1853 383 1908 sctum.
406 1849 492 1924 epist.
510 1851 527 1906 1
544 1844 563 1922 ξ
580 1848 619 1905 21
641 1841 738 1924 ἄρτον
756 1843 1005 1923 ἐμπεπλησμένοι.
1019 1843 1163 1926 ..sicda-

146 1943 204 2025 μοο
225 1938 246 2023 ἢ
268 1939 371 2023 θύμον
394 1937 414 2022 ἢ
437 1938 592 2022 κρόμμυον
614 1937 827 2022 ἔπιτρῶγοντες.
866 1943 898 2002 in
919 1943 1036 2004 deliciis
1056 1945 1165 2007 Graeci

145 2044 338 2120 potissimum
350 2036 480 2119 σκόροδα
493 2039 543 2102 ccl
556 2034 693 2118 κρόμμυα
706 2040 887 2118 habuerunt,
905 2060 1034 2119 quorum
1049 2049 1165 2121 quantu

145 2142 231 2218 copia
259 2159 278 2198 c
305 2139 512 2216 Xenophontis
544 2139 693 2199 militibus
726 2141 905 2215 consumpta
935 2139 977 2198 sit
1007 2141 1077 2217 quis
1105 2161 1164 2202 non

144 2239 341 2298 mirabundus
364 2238 397 2296 in
419 2237 555 2296 Melissi
577 2235 673 2315 legit?
718 2228 771 2317 (of.
794 2237 887 2296 etiem
910 2255 987 2314 quae
1011 2240 1165 2316 congessit

144 2337 327 2396 Blllmnerus
350 2336 382 2394 in
405 2334 571 2394 Hermcnni
594 2335 709 2412 antiqu.
729 2333 779 2394 (ir.
798 2335 908 2410 privat.
927 2356 956 2411 p.
972 2336 1013 2394 25
1034 2335 1104 2395 sdn.
1120 2329 1163 2417 2.)

143 2435 237 2494 etiem
264 2435 339 2494 ficus
362 2433 394 2491 in
419 2432 546 2492 Grseoic
568 2433 732 2492 vilissimae
755 2436 843 2491 crunt
866 2425 918 2512 (cf.
938 2431 1010 2491 ibid.
1030 2433 1099 2492 adn.
1119 2426 1162 2514 4).

144 2531 221 2591 tolia
248 2531 345 2607 igitur
366 2547 485 2606 semper
506 2547 580 2604 pera
601 2530 718 2590 ferebat
739 2547 836 2591 vuouc
860 2530 941 2589 omni
963 2531 1046 2589 luxu.
1094 2531 1163 2590 inde

144 2628 266 2689 videtur
292 2631 398 2686 exorte
425 2627 530 2702 paullo
558 2626 702 2686 cudeoior
728 2628 844 2705 imago,
873 2647 934 2706 quc
958 2646 1034 2688 usus
1057 2627 1163 2689 Cretes

143 2743 249 2804 peram
280 2723 397 2782 adscito
424 2721 584 2783 Homerios
612 2722 718 2784 (iretce
752 2725 952 2802 descriptione
983 2744 1054 2785 cum
1082 2729 1163 2786 ten-s

144 2822 277 2903 quadem
303 2822 505 2900 compererit,
535 2841 612 2900 quoe
635 2823 714 2884 iacet
736 2823 768 2881 in
790 2823 889 2883 medio
912 2824 1163 2901 philosophorum

143 2923 235 2982 festu.
280 2920 361 2981 hunc
388 2923 508 2981 servato
531 2918 691 2982 Homerico
720 2920 856 2997 epitheto
879 2919 988 2981 οἴνοπα
1010 2926 1103 2982 voest
1125 2923 1163 2982 ad

144 3018 373 3097 significandam
404 3017 566 3096 caliginem
598 3018 693 3078 menti
725 3017 865 3078 obtusam
896 3018 1038 3079 similiter
1070 3023 1163 3098 etque

145 3117 253 3174 Timon
276 3116 312 3174 fr.
336 3115 397 3174 VII
419 3137 447 3176 v.
475 3120 490 3175 1
521 3118 625 3199 σκιερῷ
639 3113 695 3176 svs
722 3109 808 3198 τύφῳ
832 3116 962 3194 scripsit.
1008 3117 1069 3193 ipsi
1092 3136 1163 3178 vero

145 3212 243 3288 cynici
269 3215 337 3272 tum
366 3213 424 3272 soli
450 3215 548 3289 τῦφον
572 3213 649 3291 nihil
670 3215 830 3290 emerunt,
858 3213 950 3273 immo
971 3198 1164 3292 Ἀντισθὶνης

144 3303 199 3385 τὴν
235 3301 366 3384 ἀτυφίαν
397 3306 476 3382 τέλος
508 3304 644 3388 intonso
676 3303 783 3393 (Olem.
811 3309 897 3370 Alex.
927 3313 1031 3370 strom.
1060 3311 1093 3370 11
1120 3315 1160 3370 21

144 3425 173 3483 p.
200 3405 271 3482 190,
296 3407 338 3465 34
362 3405 401 3504 s,
423 3427 454 3482 p.
473 3409 537 3468 sss
560 3400 609 3488 P.)

545 3563 758 3572 -—--—-..-
