2452 3832
531 131 752 197 ..36-

133 296 209 356 simo
233 295 389 373 eidemque
412 299 486 355 tunc
508 294 654 373 temporis
677 293 840 372 professori
858 313 913 372 per
930 294 1033 356 decem
1050 296 1155 358 lustra

133 393 300 454 clarissimo
323 393 551 472 congratularer
572 391 780 470 pietatemque
802 396 938 454 nostram
956 396 1155 456 contestarer.

133 491 277 552 collectas
313 489 357 549 ibi
393 494 424 550 et
455 490 626 568 recognitas
663 489 787 550 exhibui
822 489 961 550 silletum
998 495 1156 569 quotquot

132 588 264 665 reperire
291 587 380 665 potui
406 587 550 664 reliquias
579 617 621 628 -
645 605 743 664 neque
770 587 859 647 hodie
886 588 989 664 plures
1012 589 1085 650 nori
1108 621 1154 632 -

133 685 246 764 insigni
259 684 395 764 Augusti
408 683 551 745 Meinekii
569 684 693 745 adiutis
711 683 923 745 benevolentia
941 685 995 763 qui
1013 686 1155 764 singulos

134 783 355 861 quaterniones,
378 781 451 842 dum
468 782 588 859 prelum
606 785 753 860 exercent,
775 799 843 841 mea
861 800 954 843 causa
971 783 1103 861 perlegit
1122 788 1156 845 et

133 881 266 960 insignes
289 880 538 959 aliquammultas
561 897 680 940 mecum
700 879 935 940 communicavit
952 880 1154 942 coniecturas.

199 978 309 1039 Paullo
327 980 398 1054 post
415 995 514 1036 meam
529 977 660 1054 opellam
673 967 793 1058 (1860)
807 976 922 1054 prodiit
939 976 1048 1054 famosi
1066 977 1155 1039 illius

133 1074 217 1153 libri,
250 1094 311 1152 que
343 1075 515 1151 fragmenta
531 1073 794 1151 *philosophorum-
818 1091 1003 1152 graecorum.
1023 1075 1156 1137 collecte

134 1175 167 1232 et
192 1171 341 1232 recensita
368 1187 432 1231 esse
459 1170 642 1232 Mullachius
669 1170 810 1248 iactavit,
841 1171 974 1248 primum
1000 1172 1155 1251 volumen,

134 1268 221 1328 cuius
243 1288 272 1345 p.
296 1269 426 1328 84-96
450 1267 541 1328 Pauli
568 1267 777 1328 collectionem
802 1268 856 1329 ille
878 1268 1003 1332 iteravit
1025 1269 1155 1330 adnota-

132 1365 292 1443 tionesque
313 1364 483 1425 incredibili
507 1365 699 1443 neglegentia
727 1383 862 1426 ccrrasas
886 1366 1027 1445 subiecit,
1051 1368 1155 1428 aliena

134 1463 258 1524 invente
275 1480 330 1539 pro
349 1462 412 1522 suis
431 1466 469 1522 ut
487 1461 631 1522 assolitus
649 1466 696 1523 est
713 1463 891 1542 venditavit,
908 1463 940 1524 in
959 1464 1155 1526 emendandis

22 1560 25 1568 '
133 1559 270 1622 versibus
288 1559 354 1636 ipse
372 1559 449 1620 nihil
466 1558 604 1637 profecit,
622 1559 655 1618 in
673 1559 907 1637 interpretandis
922 1561 964 1621 eis
978 1561 1155 1639 ubicunque

134 1657 206 1720 nori
220 1657 294 1735 quid
307 1651 415 1718 attulit
428 1648 551 1739 (attulit
567 1676 638 1718 vero
651 1649 820 1740 rarissime)
835 1657 963 1720 ridicule
978 1662 1025 1719 est
1037 1660 1155 1737 lapsus,

134 1755 199 1832 ipse
221 1758 324 1816 tamen
346 1755 405 1815 sibi
423 1755 507 1816 visus
530 1754 669 1832 primus
689 1747 918 1816 ‘accuratiorem
935 1755 1064 1815 Phliasii
1081 1774 1155 1832 poe-

134 1856 185 1914 tae
208 1845 423 1913 recensionem'
444 1852 617 1929 protulisse.

200 1951 290 2010 Nunc
301 1969 357 2028 ego
369 1951 549 2026 opusculum
563 1948 646 2027 quod
659 1949 958 2027 peradulescentulus
972 1950 1155 2012 incohabam

136 2027 292 2109 emendavi
314 2050 351 2107 ut
372 2047 461 2125 potui
484 2051 516 2107 et
538 2047 609 2108 auxi
631 2052 668 2110 ut
690 2046 789 2107 debui.
834 2048 924 2124 plane
948 2047 1028 2108 enim
1050 2067 1155 2114 neces-

134 2145 249 2206 sarium
271 2163 332 2204 non
355 2145 430 2204 mihi
453 2145 552 2204 solum
574 2163 668 2222 nunc,
696 2143 748 2204 sed
768 2145 831 2205 iam
852 2149 932 2222 tum,
960 2163 1029 2205 cum
1050 2147 1156 2221 prodi-

134 2244 209 2304 isset
230 2243 376 2321 primum,
399 2243 500 2303 visum
522 2246 570 2303 est
591 2243 665 2305 uiris
682 2260 730 2301 me
753 2243 844 2320 longe
863 2242 1048 2302 doctioribus
1067 2247 1099 2303 et
1122 2245 1156 2304 in

134 2342 191 2402 hoc
214 2338 407 2418 potissimum
434 2341 607 2401 litterarum
630 2358 738 2417 genere
760 2339 951 2417 peritissimis
973 2339 1054 2400 inter
1076 2359 1156 2417 qnos

133 2438 235 2515 ipsum
266 2438 408 2500 iuvenilis
438 2441 565 2498 conatus
593 2436 744 2496 fautorem
770 2435 947 2514 Augustum
968 2436 1157 2498 Meinelrium

133 2536 270 2612 nomino,
303 2538 340 2594 ut
368 2534 497 2612 singulis
525 2533 704 2611 fragmentis
736 2525 907 2594 accuratior
936 2535 1087 2595 enarratio
1115 2555 1156 2596 ne

136 2632 261 2692 deesset.
300 2649 367 2689 eam
389 2629 486 2707 igitur
506 2647 587 2689 nunc
610 2628 721 2690 addidi.
757 2634 915 2707 praeterea
934 2649 1011 2709 quae
1031 2632 1157 2692 interim

135 2726 199 2786 sive
217 2727 249 2784 in
264 2725 491 2802 quaestionibus
507 2744 584 2802 quae
599 2725 639 2787 ad
651 2727 824 2788 litterarum
842 2728 1000 2789 historiam
1014 2733 1157 2805 spectant

136 2822 200 2884 sive
223 2823 255 2882 in
277 2823 414 2900 ipsorum
435 2823 675 2901 fragmentorum
695 2825 875 2901 corruptelis
900 2825 1091 2902 expediendis
1115 2827 1156 2886 ab

135 2921 204 2980 aliis
231 2921 282 2981 vel
309 2939 398 2982 ame
425 2921 597 2999 excogitata
629 2924 702 2980 sunt
730 2921 829 2998 recepi
862 2922 962 2999 quoad
990 2921 1054 2982 eius
1087 2919 1158 2983 fieri

134 3022 189 3094 pot
213 3017 250 3095 ‘t3
277 3037 349 3078 nam
376 3037 532 3096 nunquam
559 3017 744 3078 credideram
766 3019 831 3080 fore
853 3023 890 3079 ut
911 3019 992 3079 hunc
1015 3018 1158 3081 libellum

135 3118 346 3194 retractarem,
375 3115 480 3193 itaque
508 3115 585 3176 nihil
607 3116 669 3175 iere
692 3133 797 3176 eorum
821 3134 898 3193 quae
921 3116 989 3176 eliis
1011 3116 1157 3192 placuere

134 3229 190 3286 per
214 3211 348 3290 quinque
372 3231 449 3289 quae
472 3213 663 3273 intercedunt
684 3213 783 3272 lustra
805 3213 1027 3275 adnotaveram.

202 3307 495 3368 Fundamentum
518 3308 614 3369 totius
638 3309 676 3368 de
689 3309 823 3370 Timonis
843 3310 918 3370 sillis
937 3311 1158 3388 disputationis

136 3403 339 3465 certissimum
355 3405 500 3466 iaciamus
514 3406 636 3466 brevem
649 3406 830 3483 hypothesin
849 3425 941 3486 quam
954 3407 1158 3485 Apollonides

110 3495 277 3559 Meuanas
297 3501 516 3579 suppeditavit
539 3501 664 3566 Laertio
681 3502 772 3584 Diog.
788 3504 835 3563 lli
853 3507 932 3563 m:
952 3507 1012 3564 τῶν
1036 3500 1069 3565 δὲ
1093 3507 1157 3569 eft·
