2454 3840
520 155 557 164 -
607 117 670 182 158
720 154 757 164 -
1018 143 1149 187 rmours

129 266 369 360 philosophando
390 282 584 360 obtinendam
599 273 653 363 (ὥς
671 313 708 323 -
725 275 1025 365 ἆμφοτερόβλεπτος);
1041 284 1150 345 deinde

128 380 239 458 pergit,
271 398 356 441 secus
387 383 490 440 tamen
518 379 575 440 sibi
602 397 666 439 rem
698 379 821 438 cessisse
854 378 927 438 dum
953 380 1036 440 inter
1063 383 1151 444 viros

131 479 210 537 esset
242 468 341 559 (δολίῃ
370 471 398 536 δ’
424 472 485 562 ὀδῷ
512 468 732 557 siccatione),
761 480 792 536 οι
819 477 924 537 statim
952 477 1048 539 adicit
1077 497 1148 540 cau·

130 591 194 633 sam
226 592 287 652 qua
317 574 433 635 factum
465 575 517 652 sit,
551 578 586 635 ut
618 573 719 651 opinio
747 575 847 650 ipsum
874 574 1020 635 fefellerit
1051 569 1149 658 (ὅππη

129 664 194 751 γὰρ
217 665 290 732 νόον
312 667 469 750 εἰρύσαιμι,
492 665 629 732 ἀνελύετο
651 664 738 753 ιιιι.);
761 672 865 749 itaque
888 672 969 732 inter
990 666 1074 752 ὅπινη
1092 670 1150 755 γὰρ

129 772 161 828 οι
187 762 380 847 §tenestem
406 769 483 828 nihil
510 769 591 846 quod
614 769 868 830 constructionem
891 769 1032 830 turbaret
1054 772 1150 833 inter-

127 867 200 943 poni
231 867 341 943 potuit.
391 866 559 928 necessario
593 867 690 944 igitur
651 867 760 927 urad
792 858 985 946 ἐξαποτήθην
1015 871 1148 931 referen-

129 964 201 1024 dum
219 966 266 1023 est
283 961 331 1024 ιιοιὶ
351 957 579 1054 ἆνενθήρισιοςς
602 965 634 1023 in
653 963 790 1041 quibus
782 964 856 1040 1psis
875 963 976 1025 verbis
995 966 1149 1056 corruptis

128 1049 226 1122 altere
252 1061 417 1122 difficultas
445 1062 531 1124 inest.
578 1062 621 1120 eis
649 1080 728 1139 quae
756 1080 774 1120 a
801 1062 954 1140 plerisque
978 1049 1149 1126 intruditur

128 1159 279 1220 sententia
309 1161 400 1236 plane
429 1160 503 1218 mihi
530 1159 731 1222 intolerabilis
759 1159 887 1221 videtur.
938 1179 1039 1239 neque
1066 1163 1146 1222 enim

126 1257 230 1333 potuit
269 1255 470 1332 Xenophanes
512 1257 695 1335 generaliter
733 1275 765 1318 se
801 1257 1022 1334 reprehendere
1066 1261 1147 1338 quod

128 1353 241 1412 omnis
278 1353 555 1431 circumspectionis
591 1354 760 1415 incuriosus
797 1355 891 1415 fuerit
922 1356 1017 1416 vel
1009 1376 1150 1435 ignarus,

126 1451 218 1510 immo
250 1470 310 1526 non
342 1452 441 1512 solum
468 1451 573 1511 debuit
600 1451 721 1512 laudari
748 1471 766 1512 a
790 1454 921 1530 sceptieo
944 1453 1144 1542 philosophus

128 1549 181 1626 qui
205 1537 255 1630 (fr
273 1551 313 1609 14
327 1541 379 1631 K.)
404 1549 530 1610 edixerit
552 1542 652 1609 καὶ
624 1570 656 1609 το
681 1539 791 1627 μὲν
757 1572 812 1611 ουν
835 1546 928 1626 σαφὲς
951 1546 988 1611 ot
1007 1575 1050 1626 τις
1069 1547 1145 1632 ἇνὴο

126 1640 217 1726 γ’ένετ
244 1640 315 1708 οὐδέ
336 1670 379 1719 τις
401 1646 479 1707 ἔσται
500 1647 504 1721 Ι
525 1640 621 1724 εἰδώς,
643 1640 722 1726 ἀμφὶ
744 1649 826 1707 θεῶν
848 1669 878 1708 τε
900 1671 949 1708 και
972 1641 1050 1710 cccc
1072 1648 1144 1730 λέγω

127 1741 194 1823 περι
220 1738 353 1805 πάντων·
384 1744 388 1819 t
418 1743 445 1805 εἰ
469 1737 526 1824 γὰρ
553 1767 604 1804 κοιι
630 1738 664 1804 τὰ
686 1738 814 1822 μάλιστα
841 1739 922 1824 τύχοι
944 1745 1144 1826 τετελεσμένον

127 1835 230 1918 ειπών,
255 1842 259 1915 1
284 1835 372 1914 αὐτὸς
395 1864 476 1920 ομοος
499 1835 554 1902 οὖν
577 1834 651 1902 οἶδε·
676 1835 763 1913 δάκος
786 1835 814 1901 δ’
840 1839 887 1902 ἐπὶ
910 1845 983 1903 πᾶσι
1005 1841 1145 1921 τέτυκται,

127 1939 181 2000 sed
207 1939 393 2016 amplissimo
416 1940 528 2001 honore
552 1943 708 2030 tamquam
732 1940 863 2000 Tiresias
886 1933 1030 2022 alter(v.
1003 1961 1147 2022 vsupm

126 2058 155 2115 p.
171 2028 243 2119 47)
248 2056 267 2095 a
285 2025 469 2116 sillographo
489 2056 562 2097 orna
563 2041 614 2098 tus
633 2025 687 2118 est.
721 2037 840 2097 sedhic
859 2038 1041 2101 describitur
1054 2037 1147 2104 Ξ·ενο

128 2128 228 2212 φάνης
251 2129 305 2211 μὲν
328 2127 727 2214 mommorenciacensem,
751 2133 927 2214 δογματίσοις
950 2132 1041 2196 δὲ’
1002 2160 1099 2215 μονον
1116 2131 1146 2200 τὸ

127 2224 260 2292 εἶναι’
217 2253 314 2292 ποντα
328 2254 360 2293 εν
374 2238 409 2294 ut
423 2232 521 2295 verbis
538 2231 646 2292 Gelani
659 2232 728 2293 hist.
743 2233 816 2309 phil.
834 2236 850 2292 7
866 2255 894 2310 p.
906 2236 979 2312 604,
993 2238 1034 2296 17
1049 2236 1143 2298 Diels

126 2334 205 2390 utar.
243 2331 348 2409 itaque
371 2331 522 2391 sententia
545 2331 617 2390 talis
640 2331 703 2391 fere
726 2333 915 2407 expectatur:
945 2325 1143 2412 ‘quamquam

127 2446 183 2506 ego
220 2433 321 2490 aetate
357 2431 519 2505 provectus
551 2419 584 2508 (i.
614 2447 637 2486 e.
668 2428 813 2488 diuturno
847 2447 907 2489 usu
938 2425 1081 2514 edoctus)
1114 2436 1144 2492 οι

127 2525 223 2585 omnis
241 2526 421 2601 'sapientiae
454 2523 694 2586 studiosissimus
721 2525 780 2604 fui,
811 2530 914 2585 tumen
941 2528 985 2586 rei
1012 2529 1143 2589 fallaciis

126 2621 270 2699 deceptus
304 2615 391 2681 sum'.
445 2624 577 2682 ceterum
611 2621 701 2681 simul
733 2622 779 2681 his
811 2623 911 2684 verbis
943 2623 1143 2705 significetur,

126 2724 208 2780 certa
234 2721 290 2779 illa
312 2720 426 2796 placita
449 2738 526 2797 quae
550 2719 681 2778 carmine
704 2720 852 2780 didactico
876 2723 1017 2799 exposuit
1039 2725 1142 2783 senem

126 2816 247 2878 demum
282 2816 497 2895 philosophum
533 2816 731 2896 excogitasse,
768 2836 837 2878 omn
873 2817 926 2878 diu
946 2821 1140 2882 sententiam

124 2916 289 2996 fragmenti
317 2918 358 2976 14
386 2913 592 2977 tenueritae
617 2918 807 2975 transeamus
834 2935 925 2988 nuno
923 2917 981 2978 ad
1009 2919 1139 2997 singule.

191 3015 327 3076 Verbum
354 3032 372 3073 a
397 3015 522 3075 Timone
549 3016 695 3075 novatum
722 3006 998 3094 ἆμφοιιοόβλειινος
1021 3019 1141 3094 spectat

110 3113 165 3174 ad
188 3115 352 3189 scepticam
378 3113 541 3191 rationem,
569 3130 605 3172 ex
632 3130 693 3188 qua
720 3104 770 3171 διο
798 3104 853 3189 τὴν
867 3107 915 3172 ἐν
935 3116 996 3184 τοῖς
1018 3107 1142 3174 ἀντικει-

126 3205 225 3286 μένοις
251 3203 401 3289 πράγμασι
427 3207 477 3269 καὶ
504 3203 601 3289 λόγοις
624 3205 841 3270 ἰσοσθένειαν
833 3231 851 3268 ι.
876 3229 900 3269 e
923 3203 992 3288 τὴν
1001 3205 1076 3270 κατὰ
1097 3211 1144 3271 πί·

125 3321 188 3366 στιν
216 3303 266 3366 καὶ
293 3299 430 3367 νἰπιστίαν
457 3285 621 3385 leovum
602 3330 641 3380 ως
669 3303 782 3385 μιηδέννι
801 3300 951 3385 μηδενὸς
963 3312 1142 3384 προκεῖσθαι

124 3405 184 3463 τῶν
207 3400 381 3483 μαχομένων
405 3399 511 3484 λόγων,
524 3397 754 3483 ὡς’πιστότερον
777 3406 816 3465 ad
838 3399 949 3484 ἐποχήν
965 3407 1146 3481 pervenitur

125 3494 221 3583 (Sext.
245 3501 332 3581 Emp.
354 3501 460 3582 Pyrrh.
483 3502 586 3581 hypot.
609 3503 626 3561 Ι
650 3505 668 3562 8
693 3506 724 3562 et
748 3495 818 3586 10):
849 3521 916 3562 eam
943 3503 1041 3580 ipsam
1069 3523 1141 3566 vero
