2454 3840
540 147 581 156 —
631 110 694 176 142
741 147 782 158 -
1042 135 1168 179 rmours

218 293 313 334 cour.
337 275 503 334 Aristocles
526 275 660 352 maligue
683 276 765 352 apud
781 275 891 335 Euseb.
906 275 927 334 1.
942 293 964 334 s.
981 278 1022 335 27
1041 297 1073 353 p.
1091 270 1167 338 763b

150 376 255 432 narrat
276 371 463 449 Pyrrhonem
486 390 517 432 se
535 373 636 448 ipsum
654 365 771 449 ἀτνφον
793 374 976 432 nominasse:
1001 375 1085 450 quod
1108 394 1166 434 nou

151 487 220 530 cum
242 469 392 530 Aristocle
416 471 612 547 interpretor,
642 471 694 530 sed
721 470 766 530 ita
793 474 829 530 ut
851 475 956 548 putem
985 491 1056 532 eum
1080 473 1166 532 Auti-

151 568 285 627 sthenem
312 567 455 644 probasse
482 568 535 645 qui
557 561 611 644 τὴν
633 559 765 644 ἀτυφίαν
787 569 869 630 vitae
893 568 983 629 finem
1007 570 1167 630 constituit

151 656 201 746 (fr.
221 665 277 724 inc.
292 665 352 724 Vll
369 685 398 741 p.
414 666 455 724 48
475 657 679 746 wincheim).
715 667 796 726 inter
819 685 921 728 omnes
944 687 1017 728 vero
1040 671 1116 728 nota
1139 674 1167 728 et

151 782 243 840 supra
262 754 304 843 (p-
323 754 378 842 15)
393 762 565 822 accuratius
584 766 718 823 tractata
736 767 783 823 est
801 765 1003 840 sceptioorum
1016 758 1167 843 ἀταραξία,

151 879 242 938 quam
264 860 403 938 Pyrrhon
430 879 491 920 non
516 862 614 919 solum
642 862 881 938 argumentando
905 861 1010 923 docuit
1034 863 1090 923 sod
1111 881 1167 922 usu

151 959 243 1019 etiam
266 957 432 1018 cottidiano
457 957 678 1034 comprobavit:
701 959 778 1018 hanc
797 951 893 1038 igitur
911 977 992 1019 nuno
1010 961 1167 1036 praedicat

150 1056 267 1115 Timon.
313 1055 405 1116 ceteri
441 1075 512 1116 vero
544 1055 718 1132 philosophi
754 1057 912 1134 agitantur
945 1060 976 1116 et
1008 1057 1166 1118 affectibus

151 1145 318 1234 (παθέων),
342 1153 452 1229 quibus
476 1172 536 1212 non
558 1152 698 1230 tangitur
721 1153 871 1228 sceptious
895 1151 986 1232 ῥῆστα
1005 1147 1078 1231 μεθ’
1099 1147 1169 1231 ἡον-

149 1248 214 1327 χίης
235 1244 239 1326 Ι
264 1246 385 1309 ululant
403 1244 603 1326 ἀφροντίστως
621 1245 671 1308 καί
689 1241 835 1328 ἀκινήτως
852 1242 926 1309 κατά
944 1243 1037 1311 ταάτά
1055 1251 1167 1329 vivona,

151 1350 182 1406 et
205 1347 319 1424 gloriae
344 1339 463 1429 (δόξης)
487 1348 667 1426 cupiditate,
697 1366 757 1424 qua
784 1366 899 1408 vacuus
927 1351 974 1408 est
996 1348 1078 1408 idem
1101 1367 1169 1408 cum

150 1436 399 1522 tractassemus,
416 1450 446 1505 et
455 1445 684 1506 inconsideratis
697 1444 819 1522 placitis
831 1437 958 1526 (είκαίης
966 1437 1168 1527 νομοθήκης),

151 1559 229 1618 quae
250 1561 374 1618 prorsus
397 1543 480 1621 fugit
502 1544 665 1628 scaptium,
694 1543 747 1620 qui
769 1542 912 1620 reprobet
933 1543 1052 1619 pariter
1074 1548 1166 1621 atque

149 1639 342 1700 Democritus
357 1642 457 1702 omnia
471 1642 570 1702 solum
583 1635 665 1724 νόμφ
681 1640 850 1701 constituta
864 1631 906 1720 (v.
921 1639 1032 1718 ΗὶταοΙ,
1053 1641 1167 1700 Untcrs.

149 1755 187 1798 τα
210 1738 268 1798 Cic.
287 1739 335 1798 [Π
357 1760 385 1816 p.
408 1742 447 1798 11
467 1739 535 1798 adn.
558 1731 591 1820 1)
621 1742 652 1798 et
678 1731 812 1814 ἀφασίαν
838 1741 922 1798 tenet
950 1731 990 1814 μὴ
1014 1731 1169 1817 προσέχων

151 1834 244 1908 ὃίνοις
266 1828 418 1916 ἡδνίόγον
440 1835 548 1914 σοφίης
571 1827 655 1916 (vide
679 1854 784 1895 comm.
809 1835 848 1893 ad
871 1835 907 1893 fr.
929 1828 1117 1917 xxxVffl).

216 1933 357 1994 Dictione
381 1928 493 2010 ἀφατοί
508 1954 537 1992 τε
555 1932 648 2010 φατοί
663 1954 693 1992 τε
716 1926 758 2014 (v.
776 1925 810 2014 2)
833 1933 907 1993 item
930 1938 1024 2010 atque
1049 1934 1082 1992 in
1101 1953 1169 2011 pro-

151 2031 248 2090 oemio
265 2031 424 2108 Hesiodeo,
443 2051 479 2092 ex
497 2049 557 2108 quo
575 2031 707 2107 repetita
725 2035 780 2108 est,
800 2029 1010 2109 significantur
1028 2032 1166 2092 homines

151 2130 225 2188 clari
245 2129 378 2206 ohscuri3
403 2129 484 2206 quod
501 2129 648 2188 mehercle
667 2147 727 2188 non
745 2147 913 2207 monerem,
932 2129 991 2188 nisi
1009 2129 1058 2189 vir
1075 2130 1166 2208 longe

151 2226 342 2288 doctissimus
357 2245 454 2304 nuper
467 2227 636 2303 scripsisset
651 2227 741 2302 plane
756 2225 946 2285 incredibilia
959 2225 1046 2284 haec:
1067 2219 1170 2303 “ἀφα-

150 2347 194 2387 τοι
226 2325 290 2386 und
317 2324 408 2403 φατοί
431 2346 461 2385 τε
492 2325 533 2384 ist
565 2325 613 2384 ein
647 2324 730 2401 Spiel
762 2324 819 2382 mit
851 2324 918 2382 dem
951 2322 1169 2383 Homerischen

142 2419 230 2504 ’Ἄρηι
249 2423 352 2502 φατοί,
376 2417 436 2482 ‘die
459 2421 604 2481 lebenden
627 2422 691 2480 und
713 2421 761 2480 die
784 2415 890 2480 todten
914 2420 966 2478 der
984 2420 1168 2480 sterblichen

150 2515 289 2598 thlrer'3
313 2521 361 2579 die
386 2520 478 2579 Scene
501 2518 543 2576 ist
562 2518 596 2592 ja
619 2519 661 2576 im
684 2511 826 2577 Hades''!

218 2617 360 2677 Ceterum
377 2621 414 2675 ut
431 2618 527 2674 metro
547 2613 622 2672 satis
641 2614 727 2673 fieret
745 2633 799 2691 pro
819 2607 978 2692 νομόθεοτς
996 2613 1104 2673 fiotum
1123 2619 1168 2673 est

152 2707 325 2793 νομοθήαη,
347 2718 384 2772 ut
407 2711 528 2789 scripsit
545 2711 712 2789 LucisnuS,
736 2712 805 2770 hist.
830 2729 941 2771 consor.
963 2713 1004 2771 46
1030 2706 1169 2789 συνθήκη

151 2813 210 2872 τῶν
234 2804 388 2890 ἀνομάτων
410 2830 465 2888 pro
489 2804 629 2882 σύνθεσις
651 2829 674 2870 τ.
698 2802 722 2869 ἀ.
904 2799 905 2802 “

552 3027 765 3038 -υ--ι-

592 3243 722 3302 XXXIII

197 3379 340 3466 σχέτλιοι
364 3377 556 3468 ἀνθρωττοι,
579 3375 655 3448 κάκ’
682 3378 829 3464 ἐλέγχεα,
853 3376 1009 3465 γάστερες
1033 3373 1125 3462 οίον,

195 3492 302 3556 ττοίων
326 3491 361 3555 ἔκ
382 3483 412 3555 τ’
439 3488 561 3574 ἐρίδων
586 3490 679 3553 ἔατε
702 3486 876 3569 στοναχῶν
899 3483 1082 3551 uicturus.
