2452 3832
550 115 769 180 „30-

150 282 335 358 compositae
355 283 426 340 sunt
445 278 577 356 pedestri
595 297 745 356 sermone,
770 278 862 339 variis
886 279 1079 355 propriorum
1104 297 1174 339 ver-

150 397 240 438 suum
263 377 423 456 generibus
446 380 630 454 temperato,
659 378 737 436 solet
760 375 866 437 deinde
891 376 1058 436 orationem
1082 394 1173 436 suam

152 475 338 554 distinguere
362 475 491 534 aliorum
510 493 579 534 cum
597 474 780 550 scriptorum
798 478 864 534 trun
882 477 1041 550 poetarum
1060 473 1171 535 fioscu-

150 574 201 650 lis,
231 574 375 633 admiscet
402 573 500 632 multa
523 591 559 630 ex
582 571 690 630 intima
716 570 909 648 philosophia
936 571 981 630 ita
1008 575 1113 630 tamen
1136 576 1172 632 ut

151 671 277 732 irrideat
304 671 499 747 philosophos
533 668 731 746 dogmaticos,
766 669 848 746 quod
879 669 994 728 factum
1022 672 1069 728 est
1098 688 1171 746 prae

152 769 258 829 ceteris
281 769 313 827 in
338 771 484 846 quattuor
511 766 596 826 libris
624 765 735 843 quibus
765 765 919 844 inscripsit
941 764 1104 826 Armorum
1126 770 1172 827 iu-

152 868 268 944 dicium,
283 863 469 946 Λογθμαχία,
481 861 558 943 Περὶ
572 859 722 941 αἱρέσεων,
740 857 831 942 Turpi]
846 863 1023 924 Μενίππουε
1039 863 1172 942 danique

153 964 217 1024 eius
240 967 361 1024 saturae
384 964 417 1022 in
440 962 563 1022 fabulae
592 962 723 1039 speciem
746 965 818 1023 sunt
840 964 980 1022 redactae
1004 966 1036 1022 et
1058 962 1172 1025 festiva

154 1061 285 1138 quadam
307 1053 463 1120 hilaritate
487 1078 673 1135 conspersae.
715 1061 789 1120 haec
812 1061 910 1138 igitur
928 1059 1029 1120 omnia
1047 1061 1087 1120 ad
1106 1061 1170 1120 Me-

152 1158 238 1235 uippi
270 1158 367 1234 ipsius
402 1158 515 1234 scripte
541 1176 629 1234 posse
657 1161 739 1218 certo
768 1158 926 1218 transferri
954 1157 1084 1217 dicerem
1114 1147 1181 1219 etsi*

154 1255 260 1315 ceteris
285 1255 423 1314 omnibus
446 1254 587 1314 destituti
610 1272 742 1315 essemus
766 1255 956 1331 testimoniis,
980 1254 1032 1315 sed
1057 1255 1171 1315 adsunt

154 1354 288 1413 omnium
311 1353 558 1429 locupletissima.

218 1450 353 1510 Primum
372 1450 469 1528 igitur
487 1449 604 1509 Probus
622 1449 654 1508 in
672 1449 802 1527 Vergilii
821 1449 873 1508 ecl.
893 1447 937 1506 VI
955 1469 982 1509 v.
1003 1451 1053 1525 31,
1077 1471 1107 1526 p.
1129 1453 1171 1510 14

152 1547 238 1625 Keil,
271 1548 321 1608 cui
350 1547 431 1624 quod
453 1547 544 1608 fidem
566 1547 694 1624 deneges
717 1565 840 1624 prorsus
864 1566 924 1605 non
948 1551 1006 1623 est,
1030 1546 1104 1605 haec
1134 1547 1171 1607 de

152 1645 293 1723 Menippo
317 1646 403 1705 dicit:
427 1639 469 1705 ‘is
493 1664 613 1723 quoque
638 1645 797 1722 omnigeno
821 1644 953 1704 carmine
971 1643 1080 1704 satiras
1100 1662 1171 1704 suas

153 1737 350 1820 expoliverat'
370 1744 389 1803 i.
408 1763 432 1802 θ.
451 1742 570 1802 libellos
590 1760 660 1802 suos
679 1743 811 1819 pedestri
830 1760 966 1802 sermone
985 1742 1171 1818 conscriptos

151 1841 332 1900 distinxerat
353 1841 536 1900 carminibus
558 1841 637 1900 varii
660 1839 786 1918 generis
823 1839 903 1898 idem
923 1839 1095 1917 fragmenta
1118 1839 1171 1900 do·

151 1943 227 2015 cent,
248 1957 377 2014 quorum
396 1958 490 1998 unum
509 1955 545 1996 ex
560 1930 735 2020 Ἀρκεσιλάῳ
754 1937 886 2014 petitum
907 1928 1004 2017 (quod
1023 1940 1069 1996 est
1089 1938 1172 2015 apud

151 2033 344 2094 Athenaeum
366 2034 438 2094 XIV
460 2056 488 2111 p.
515 2037 592 2095 664⁶
619 2027 709 2106 πότος
735 2023 774 2112 ἦν
802 2028 1053 2112 ἐπικωμασάντων
1080 2037 1171 2094 τινῶν

150 2123 224 2212 κτλ.)
242 2150 332 2207 prosa
347 2133 483 2193 oratione
499 2137 545 2192 est
558 2133 770 2210 conscriptum,
785 2134 916 2192 alterum
930 2124 1028 2212 (apud
1042 2132 1172 2190 eundem

153 2228 168 2287 Ι
182 2249 211 2305 p.
227 2230 282 2289 32θ
295 2223 455 2309 elipandum
468 2222 613 2312 Μύνδος)
628 2230 778 2307 poeticam
791 2249 863 2308 prae
879 2249 910 2289 se
925 2230 985 2289 fert
998 2222 1170 2310 speciam1).

152 2330 220 2386 tum
237 2326 415 2388 Homericos
429 2328 670 2407 Euripideosque
689 2345 793 2388 versus
816 2328 866 2388 vel
887 2326 1065 2404 simpliciter
1082 2345 1171 2388 usur·

151 2428 240 2500 patos
263 2427 312 2485 vel
335 2426 590 2504 sillographorum
608 2426 697 2487 modo
716 2425 748 2484 iu
766 2424 931 2485 ridiculum
949 2425 1084 2485 detortos
1105 2443 1170 2486 esse

150 2521 183 2580 in
211 2521 276 2582 eius
304 2522 424 2597 scriptis
455 2521 587 2581 efficitur
614 2541 650 2581 ex
678 2541 713 2582 ea
736 2514 900 2603 σώθηθ’),
931 2541 992 2599 quc
1015 2522 1170 2583 Lucienus

151 2759 274 2816 sucee’
294 2758 324 2816 in
343 2777 413 2815 mus.
433 2761 522 2815 Rhcu.
540 2761 606 2816 XIV
623 2779 651 2830 p.
667 2767 718 2816 421
734 2779 794 2832 sqq.
810 2764 839 2818 et
853 2762 987 2817 Varronis
1006 2760 1170 2832 Menippea-

154 2857 215 2894 rum
242 2838 377 2909 reliquias
405 2839 532 2896 adiectas
555 2840 643 2912 ipsius
667 2841 785 2898 editioni
807 2842 932 2898 Petronii
956 2858 1027 2912 quae
1053 2841 1170 2896 tertium

152 2919 260 2990 prodiit
276 2936 301 2976 a.
322 2924 391 2975 1882
410 2939 437 2991 p.
459 2927 506 2975 161
522 2937 582 2990 sqq.

220 3011 246 3079 1)
265 3009 342 3065 Idem
371 3010 436 3064 aute
460 3025 505 3064 me
525 3013 672 3065 monuerat
689 3010 828 3065 Prellerus
848 3010 940 3066 annal.
955 3009 1010 3065 litt
1025 3009 1082 3066 len.
1100 3013 1169 3064 184⁷

150 3107 178 3159 p.
198 3095 257 3144 621.

223 3182 251 3247 2)
269 3178 301 3232 Id
320 3177 465 3234 verissime
483 3179 541 3233 iam
561 3179 765 3236 contenderunt
784 3177 975 3247 casaubonus,
995 3183 1081 3250 satyr.
1095 3193 1168 3248 poco.

152 3275 179 3326 p.
190 3263 241 3312 206
252 3257 455 3315 etWelckcrus
469 3259 557 3329 praef.
568 3259 693 3331 Theogn
703 3279 730 3330 p.
744 3257 833 3313 xcm
847 3258 988 3326 adu.141;
1004 3258 1080 3328 quod
1094 3258 1171 3314 enim

152 3336 275 3393 oblocuti
291 3340 355 3392 suut
368 3336 468 3408 Layius
482 3345 534 3408 p.8
549 3341 579 3394 et
588 3339 724 3396 Oehlsrus
738 3357 766 3409 p.
778 3343 872 3408 disq,
888 3338 1059 3394 contrarium
1074 3338 1169 3408 potins

149 3414 217 3470 inde
240 3417 313 3474 effici
337 3419 411 3488 quod
430 3419 577 3490 Menippus
602 3419 632 3474 iu
655 3418 854 3489 necyomantia
876 3417 958 3487 qnasi
980 3419 1096 3473 excuset
1114 3417 1170 3472 fre-

136 3497 272 3557 quentem
301 3497 524 3558 Homericomm
555 3501 586 3556 ct
612 3498 833 3572 Euripideomm
854 3515 955 3566 usum,
977 3495 1051 3553 uihil
1077 3497 1170 3564 νωθὲς
