2454 3840
508 164 550 172 —
599 127 662 191 132
709 163 750 171 —
1014 148 1146 192 nruours

123 293 234 368 obstat,
259 291 420 368 quominus
443 291 487 350 ita
510 293 694 366 statuamus3
720 307 774 349 nec
798 290 932 348 multum
954 290 1039 350 valet
1064 291 1148 367 quod

123 391 294 451 Boeckhius
313 390 442 450 Philola.
460 411 488 467 p.
504 392 544 449 21
566 388 668 465 obicit,
687 406 705 446 a
725 388 849 447 Timone
868 407 932 448 rem
951 390 1016 446 tam
1034 387 1149 450 leviter

124 492 240 549 tactam
264 506 328 549 esse
351 491 387 548 ut
409 506 470 547 non
492 487 589 564 possit
611 485 751 564 intellegi
769 485 829 544 nisi
847 484 970 544 aliunde
990 485 1061 562 quis
1081 503 1148 545 eam

126 586 193 645 iam'
210 587 336 647 noverit.
379 604 450 644 nam
473 588 505 644 et
526 586 687 662 ignoratur
711 601 860 660 quaenam
882 582 982 642 tribus
1006 583 1148 643 versibus

126 683 276 744 Timoneis
296 684 346 745 vel
364 682 582 743 antecesserint
603 681 653 742 rel
677 699 727 740 eos
746 684 851 740 secuta
869 680 939 756 sint,
958 685 989 740 et
1008 681 1148 757 apprime

125 782 267 859 congruit
290 800 359 841 cum
381 779 540 857 Hermippi
564 778 724 838 fabulandi
750 796 845 854 more,
874 778 900 837 si
927 780 1048 838 statuas
1078 797 1149 838 eum

127 865 261 938 Timonis
291 878 517 939 cavillationem
543 896 613 936 cum
640 876 868 935 narratiuncula
897 876 993 934 altera
1020 876 1148 936 aliunde

123 979 197 1036 nota
221 977 366 1054 conflasse
390 979 421 1036 et
444 975 616 1054 accuratius
639 974 823 1050 explanasse.

191 1073 295 1133 Secuti
324 1078 396 1133 sunt
416 1067 617 1149 recentiores,
646 1070 700 1148 qui
728 1070 863 1131 Timonis
890 1088 995 1131 versus
1023 1091 1086 1130 non
1110 1072 1150 1131 ad

126 1170 301 1230 Philolaum
327 1171 475 1230 referrent
502 1170 554 1229 sed
582 1169 621 1228 ad
645 1167 761 1228 Timaei
783 1168 872 1228 Locri
895 1168 1090 1246 suppositum
1113 1171 1149 1229 li-

125 1267 241 1326 bellum
273 1264 341 1347 aspl
371 1270 472 1346 ψυχᾶς
502 1260 616 1344 κόσμου
644 1262 694 1325 καὶ
722 1260 830 1342 φύσιος
858 1257 900 1346 (v.
924 1284 1017 1342 supra
1046 1268 1150 1345 posita

126 1363 301 1423 testimonia
323 1363 495 1441 Iambliohi‚
518 1363 626 1440 Procli,
650 1363 834 1422 scholiorum
857 1366 888 1423 et
910 1365 1151 1442 prolegomenon

126 1460 369 1538 Platonicorum
393 1461 504 1538 quibus
523 1461 639 1521 accedit
658 1461 815 1538 Synesius,
835 1460 968 1520 (ledono
989 1462 1151 1522 astrolabii

125 1580 154 1635 p.
175 1560 239 1619 308
261 1560 305 1618 ed.
324 1559 438 1637 Petau,
462 1559 516 1638 qui
540 1563 643 1619 tamen
662 1559 819 1618 Timonem
832 1577 899 1618 ‘non
917 1551 1053 1640 laudat),
1077 1561 1151 1620 falsi

126 1658 174 1716 illi
200 1658 308 1734 procul
336 1657 442 1735 dubio,
470 1676 540 1717 cum
566 1657 625 1715 iste
652 1655 775 1716 libellus
799 1655 878 1715 inter
899 1656 1151 1735 neopythagorea

126 1754 241 1834 scripta
269 1756 340 1816 inde
368 1775 386 1815 a
412 1755 510 1832 primo
535 1773 560 1814 a.
584 1752 652 1813 Ohr.
676 1753 797 1813 saeculo
822 1753 1021 1814 scaturientia
1043 1774 1150 1815 nume·

126 1853 240 1912 randus
264 1854 304 1914 sit
327 1872 425 1931 neque
444 1857 515 1914 ante
534 1851 761 1929 Nicomachum,
784 1851 878 1910 harm.
897 1851 913 1909 I
933 1853 974 1911 24
994 1853 1026 1910 et
1045 1849 1152 1929 (llam,

130 1953 232 2008 strom.
256 1946 284 2005 V
307 1970 336 2026 p.
361 1943 446 2010 604Β
471 1951 729 2009 commemoretur.

193 2045 273 2106 Vtut
306 2049 365 2123 est,
397 2046 558 2107 Platonem
590 2047 818 2124 Pythagoreum
851 2045 1001 2123 quendam
1034 2046 1151 2107 librum

128 2143 248 2204 novisse
286 2146 403 2204 certum
437 2144 572 2222 videtur,
608 2142 764 2221 probabile
802 2144 931 2204 eundem
964 2145 1150 2221 possedisse:

129 2240 229 2300 omnia
269 2241 389 2318 reliqua
430 2241 516 2302 nobis
557 2241 751 2318 incomperta.
810 2259 909 2318 neque
947 2242 1019 2301 licet
1056 2244 1151 2304 verba

127 2329 254 2418 ὀλίγην
276 2338 381 2418 βίβλον
403 2358 511 2417 urgere
535 2342 571 2399 ut
593 2340 692 2400 voluit
710 2338 835 2417 Birtius,
858 2340 913 2399 dos
934 2340 1031 2399 anthe
1048 2341 1150 2402 Bach-

127 2454 220 2496 weeea
241 2457 270 2512 p.
291 2438 369 2512 4513
393 2455 464 2495 nam
486 2436 609 2496 minime
632 2437 736 2514 agitur
762 2437 798 2497 de
822 2435 1032 2514 magnitudine
1056 2437 1150 2498 huius

128 2533 292 2594 voluminis
316 2551 385 2592 cum
408 2534 476 2592 aliis
500 2534 606 2593 collati
626 2534 679 2594 sed
700 2534 737 2595 de
757 2535 887 2612 pecunia
905 2534 1013 2612 grandi
1033 2553 1096 2612 qua
1115 2537 1151 2595 li·

127 2629 225 2690 bellus
249 2633 369 2704 emptus
391 2631 439 2690 sit.

196 2725 340 2786 Oeterum
363 2729 586 2808 τιμαιογραφεῖν
608 2727 647 2787 acl
669 2747 804 2789 normam
827 2729 989 2790 verborum
1007 2732 1151 2812 toyoype-

131 2827 201 2900 φεῖν
224 2827 432 2903 μυθογραφεῖν
459 2823 589 2884 aliorum
602 2826 698 2886 ‚haud
723 2827 768 2886 ita
790 2827 922 2886 feliciter
944 2845 963 2885 a
985 2830 1080 2904 poeta
1105 2832 1152 2890 est

130 2921 248 3000 fictum3
268 2913 472 3002 ἀπαρχόμενος
490 2941 562 3006 vero
581 2923 663 3001 quod
681 2925 764 2984 solus
779 2922 895 2984 Gellius
915 2923 1037 2984 exhibet
1051 2927 1152 2987 multo

131 3020 312 3098 exquisitius
341 3039 433 3098 quam
460 3012 648 3100 ἆφορμηθείς
676 3012 772 3102 (quod
797 3022 891 3099 vulgo
920 3022 996 3081 duce
1020 3021 1152 3084 Valcke-

131 3118 231 3196 nari0‚
254 3117 291 3176 de
314 3117 492 3179 Aristobulo
515 3139 543 3196 p.
565 3120 604 3180 65
631 3119 698 3178 adn.
720 3122 735 3178 1
762 3110 968 3200 praeferunt);
997 3120 1152 3199 significat

132 3214 213 3273 enim
236 3209 364 3292 ‘optima
388 3219 419 3275 et
441 3216 629 3278 nobilissima
651 3217 720 3277 inde
744 3210 892 3293 carpens'.
