2452 3832
542 144 585 153 -
631 106 673 171 96
721 143 762 153 -
1035 133 1170 177 numerus

149 278 179 334 ct
206 266 296 335 ‘usa’
329 263 537 353 (φαντασίας),
570 271 622 332 sed
654 271 692 330 ab
721 249 766 330 eis
800 271 930 331 seiunxit
961 272 1169 337 Parmenides.

149 372 202 449 qui
230 373 299 429 ante
324 388 445 432 versum
467 370 600 445 primum
623 388 640 428 a
662 368 798 446 Diogene
822 369 950 427 allatum
973 369 1062 429 dixit:
1093 365 1169 432 ἀλλά

149 462 186 527 σὺ
204 467 304 528 τάσδ’
319 461 379 545 ἀφ’
396 460 483 527 δδοῦ
498 460 628 544 διζήσιος
646 465 740 546 εἴργε
757 459 873 543 νόημα
888 457 940 547 (of.
956 466 1036 527 Sext,
1050 469 1168 546 Empir.

148 565 440 643 adv.logic.1111
462 562 654 642 Παρμενίδης
676 566 728 623 τοῦ
751 558 805 641 μὲν
826 562 969 635 δοξαστοῦ
989 560 1080 645 λόγον
1101 589 1169 627 κατ-

149 659 236 742 έγνω,
256 709 261 721 .
278 705 307 722 ..
326 655 377 723 τὸν
397 654 425 721 δ’
447 654 673 738 ἐπιστημονικὸν
692 703 720 718 ..
740 652 866 720 ἀπέθετο
888 652 1051 740 κριτήριον,
1080 657 1170 725 ἀνιο-

149 753 233 832 στάς
255 757 306 820 καὶ
327 762 379 838 τῆς
401 761 461 818 τῶν
479 752 649 835 αἰσθήσεων
667 749 820 838 τιίστεας);
843 757 948 834 itaque
966 751 1025 818 ἀπὸ
1044 781 1102 836 pro
1121 759 1170 822 ἐντί

149 858 280 919 restitui.
336 857 465 917 coniciet
497 874 568 915 sane
603 856 754 932 quispiam
786 855 878 915 otiam
910 874 964 931 pro
997 849 1169 920 ἀνενείκατο

151 954 340 1014 scribendum
364 973 428 1013 esse
451 947 631 1013 ἀνενείκατο.
668 953 750 1031 quod
771 953 797 1011 si
815 953 963 1012 traditum
982 958 1070 1032 esset,
1093 955 1170 1017 bone

150 1057 241 1112 esset:
274 1053 326 1113 sed
359 1052 440 1129 quod
466 1050 538 1109 libri
567 1068 668 1110 omnes
696 1049 853 1128 praebent,
886 1070 946 1111 non
968 1052 1069 1125 minus
1094 1054 1169 1115 bone

150 1150 295 1226 explicari
312 1153 421 1226 potest,
442 1149 585 1225 quoniam
603 1141 807 1224 ἀναφέρεσθαι
826 1149 977 1226 significat
990 1141 1169 1213 ‘abducere’

151 1247 214 1306 sive
233 1239 277 1304 ‘in
299 1247 401 1305 locum
423 1249 526 1304 tutum
544 1238 729 1322 transferre'‚
748 1245 852 1322 itaque
871 1247 1006 1322 apprime
1025 1247 1171 1309 idoneum

151 1345 198 1402 est
220 1343 276 1402 hoc
299 1344 374 1420 loco,
397 1344 576 1419 praesertim
599 1362 667 1402 oum
691 1342 884 1402 Parmenides
907 1343 970 1419 ipse
994 1348 1172 1407 constanter

150 1441 213 1498 fere
251 1440 289 1498 ad
325 1439 428 1499 ambas
466 1441 615 1500 sentiendi
645 1440 778 1499 rationes
810 1440 1017 1517 exprimendas
1048 1443 1171 1502 viarum

150 1537 327 1615 itinerisque
355 1537 486 1616 imagine
515 1555 589 1597 usus
618 1537 658 1597 sit
685 1530 737 1618 (cf.
766 1555 887 1599 versum
915 1555 1006 1614 supra
1035 1538 1170 1616 adscrip-

150 1630 225 1713 tum,
248 1655 276 1696 v.
302 1637 352 1694 34.
377 1636 428 1694 45.
453 1636 504 1695 54.
528 1637 569 1694 57
595 1628 657 1716 aL).

217 1732 368 1810 Ambigua
387 1753 414 1794 v.
433 1736 448 1791 1
469 1725 634 1803 τιοίόδοξος
652 1736 847 1808 nuncupatur
865 1732 1068 1810 Parmenides
1088 1734 1170 1793 idern

152 1831 231 1890 enim
263 1833 309 1890 est
341 1823 505 1900 πολόδοξος
533 1832 630 1916 atque
658 1823 779 1900 εόδοξος
806 1830 825 1887 i.
849 1849 873 1888 e.
897 1831 1084 1907 praeclarus3
1117 1834 1171 1892 sed

152 1928 256 1988 subest
269 1927 353 1987 notio
369 1927 473 2004 altera,
488 1945 524 1985 ex
537 1945 597 2004 qua
611 1927 700 1986 homo
715 1926 819 1985 multis
834 1926 1024 2003 opinionibus
1038 1929 1170 1990 refertus

151 2025 196 2084 ita
220 2023 409 2102 significatur
426 2027 463 2082 ut
482 2017 554 2095 δόξα
577 2024 716 2100 opposita
735 2024 776 2083 sit
794 2018 944 2106 ἐπιστήμη,
964 2025 1106 2086 similiter
1125 2032 1171 2088 at·

153 2141 211 2198 que
235 2121 355 2197 scripsit
377 2120 555 2180 Damaseius
579 2140 625 2198 ap.
649 2120 736 2181 Phct.
760 2113 985 2198 bib1.p.337¹'
1010 2123 1050 2180 38
1080 2128 1172 2183 τισίν-

153 2216 254 2290 δοξίας
279 2221 389 2297 μᾶλλον
412 2218 505 2279 αἴτιον
528 2212 599 2278 όντα
621 2212 643 2295 η’
665 2219 833 2290 πολννοίας.
881 2237 957 2295 quae
982 2220 1172 2295 amphibolia

152 2335 187 2376 eo
217 2317 310 2378 ctiam
333 2317 468 2377 acerbior
491 2321 521 2376 et
544 2317 671 2376 facetior
697 2316 847 2393 redditur,
872 2316 953 2394 quod
975 2316 1171 2378 Parmenides

151 2413 217 2491 ipse
242 2407 333 2485 δόξαν
361 2415 416 2472 hac
439 2417 592 2490 potestate
620 2431 708 2489 saepe
735 2414 896 2490 usurpavit
924 2405 975 2494 (cf.
998 2413 1171 2476 Karstenus

153 2510 191 2569 ad
214 2510 381 2569 Parmenid.
406 2532 433 2571 v.
454 2513 497 2571 30
519 2532 547 2588 p.
569 2502 639 2591 68),
664 2514 695 2569 et
718 2514 882 2588 postquam
904 2512 936 2568 in
958 2510 1059 2587 priore
1081 2517 1171 2588 parte

153 2607 293 2666 carminis
317 2607 456 2683 exposuit
480 2626 516 2666 ea
539 2626 616 2685 quae
639 2626 711 2668 vera
734 2625 798 2667 esse
822 2627 883 2667 non
905 2610 1004 2668 solum
1027 2608 1085 2666 sibi
1103 2629 1171 2686 per·

153 2703 250 2764 suasit
278 2704 329 2763 sed
357 2723 392 2763 cx
421 2707 485 2764 arte
509 2709 540 2764 et
562 2705 678 2764 ratione
703 2705 934 2784 demonstravit,
962 2725 1017 2782 per
1040 2707 1172 2766 alteram

152 2804 251 2860 totam
281 2805 399 2877 partem
430 2799 497 2881 ιτερί
530 2801 721 2881 φυσιολογίας
754 2804 907 2865 enarravit
938 2804 1030 2884 *cunlgi¹
1057 2803 1171 2880 impro-

152 2897 267 2958 babiles
296 2899 464 2978 opiniones,
497 2903 533 2958 ut
560 2900 624 2976 ipse
652 2899 708 2958 ait:
741 2897 774 2959 ἐν
801 2903 840 2983 τῷ
863 2917 910 2960 σοι
932 2894 1019 2959 νιαόω
1042 2895 1172 2962 πιστὸν

152 2990 260 3077 λόγον
282 2990 336 3074 ἠδὲ
358 2991 475 3075 νόημα
495 2993 499 3076 Ι
520 2990 614 3075 ἀμφίς
636 2990 790 3075 ἀληθείης·
815 2991 922 3070 δόξας
946 2990 973 3056 δ’
1000 2990 1059 3057 ἀισδ
1083 2998 1172 3059 τοῦδε

153 3093 284 3172 βροτείας
310 3088 313 3171 t
339 3086 489 3172 μάνθανε,
512 3089 624 3173 κόσμον
646 3092 724 3174 ἐμῶν
747 3091 842 3154 ἐντέων
865 3088 1016 3174 ἀπατηλόν
1039 3089 1171 3158 ἀκούων.

554 3339 767 3349 ....—.--—--
