2454 3840
528 163 570 172 -
620 127 683 191 150
730 163 771 171 —
1037 151 1164 194 cruoris

146 281 247 354 tamen
270 290 408 352 addenda
430 291 579 352 videntur.
616 284 753 368 ἄτυφος
776 279 863 350 nemo
886 294 1009 368 praeter
1032 291 1163 369 Pyrrho·

144 411 213 452 nem
237 381 402 449 01100000
426 388 568 466 habetur3
591 388 644 448 aed
667 405 801 448 summae
825 388 896 447 huic
919 389 1005 448 laudi
1027 390 1164 467 proxima

144 475 406 564 001110000100010
433 479 609 565 ὖπατύφου,
632 488 651 546 i.
676 505 699 546 e.
724 505 742 545 a
765 485 937 564 dogmatico
960 486 1046 547 fastu
1068 507 1162 564 paene

146 571 249 646 alienis
272 617 309 626 -
338 578 583 664 Ὁμηραπάτης
610 575 806 662 vocabulum,
836 603 908 644 sane
937 587 1043 645 contra
1066 584 1163 646 bonae

147 673 267 744 aetatis
281 687 378 744 certas
401 683 523 760 regulas
547 701 565 741 a
586 685 678 760 poeta
700 681 818 759 fiotum,
840 681 1001 760 significat
1024 683 1163 744 haudem

145 781 182 842 ab
205 782 337 841 Homero
360 780 391 839 in
415 781 539 840 deornm
567 779 680 840 fabulis
708 779 906 840 commissam.
952 783 1061 840 notum
1084 782 1163 842 enim

144 884 189 941 est
207 879 424 956 Xenophanem
446 879 553 938 acerbe
571 878 768 955 vituperasse,
787 877 869 954 quod
886 875 1038 936 Homerus
1057 877 1162 938 Hesio·

145 977 262 1055 dasque
286 977 332 1036 dis
355 976 529 1037 tribuerimt
552 976 687 1035 facinora
709 995 770 1035 non
793 975 893 1035 solum
915 973 1019 1035 divino
1038 976 1161 1034 numine

143 1093 267 1152 prorsus
295 1074 422 1152 indigna
449 1073 503 1134 sed
525 1092 604 1151 quae
628 1074 721 1133 etiam
745 1072 827 1150 apud
849 1072 985 1132 homines
1009 1072 1163 1150 flagitiosa

107 1167 108 1170 ’
144 1173 341 1232 haberentur:
365 1171 401 1229 cf.
425 1171 505 1230 inira
523 1171 597 1230 Xen.
617 1169 675 1229 sill.
694 1171 730 1229 fr.
745 1171 785 1230 Π.
814 1174 962 1230 ceterum
982 1169 1066 1230 haud
1084 1173 1162 1230 male

144 1270 267 1347 quidem
294 1268 434 1328 Khhniua
462 1269 502 1328 ad
528 1268 628 1329 Laert.
652 1269 672 1327 l.
696 1286 718 1328 s.
742 1253 951 1346 ‘Oppporrdrpv
978 1268 1163 1328 vocabulum

143 1367 175 1425 in
198 1364 427 1426 Aldobrandina
449 1363 595 1442 scriptum
617 1366 717 1427 voluit
740 1384 804 1426 esse
829 1359 1007 1424 ‘Homerum
1031 1361 1163 1432 calcans'

144 1463 207 1525 sive
233 1457 498 1524 ‘Homeromastix'
531 1465 643 1524 collato
676 1463 817 1522 similiter
848 1463 1037 1522 conformato
1069 1464 1163 1525 verbo

142 1554 347 1638 καπνοπᾶτηςς
385 1561 510 1621 eandem
547 1562 729 1638 scripturam
766 1559 964 1619 Kreusslerus
1000 1560 1033 1618 in
1066 1562 1162 1621 lexico

143 1658 328 1722 Passoviano
346 1659 449 1736 potius
464 1651 761 1718 ‘Homerverdreher’
781 1657 999 1734 interpretatus
1021 1661 1067 1717 est
1086 1661 1162 1718 tam·

145 1775 237 1833 quam
265 1757 304 1816 ad
330 1757 394 1816 eius
418 1754 593 1815 Homericos
616 1755 757 1832 parodias
781 1758 976 1832 spectantem.
1024 1756 1078 1815 sed
1102 1775 1162 1816 om·

144 1855 216 1914 nino
231 1874 291 1914 non
306 1858 352 1915 est
366 1873 421 1914 cur
433 1854 465 1913 id
479 1853 561 1931 quod
571 1853 669 1913 solum
678 1852 812 1913 traditur
821 1852 902 1929 apud
913 1852 1039 1912 Sextum
1048 1845 1162 1930 ὅμηρα-

140 1946 417 2030 accumulemus:
432 1952 469 2011 of.
477 1951 628 2030 Bergkius
637 1950 815 2011 musllhen.
823 1949 935 2011 XXXV
944 1951 1046 2027 pali
1056 1950 1161 2010 adnl.

207 2049 318 2108 Verbis
342 2043 439 2122 ἐκτὸς
466 2041 524 2108 drc’
555 2041 758 2126 ἀνθρώπων
786 2051 877 2126 putat
901 2047 1160 2108 Zimmermannus

143 2167 172 2224 p.
195 2149 234 2206 15
255 2178 297 2220 ε-
320 2147 379 2207 nisi
401 2147 479 2207 falso
503 2147 689 2207 subobscura
711 2145 808 2222 ipsius
831 2145 924 2228 rerba
946 2145 1095 2223 intellego
1120 2177 1161 2185 -

142 2244 271 2304 indicari
294 2243 509 2322 Xenophanem
536 2243 657 2304 finxisse
686 2242 776 2303 deum
803 2244 893 2320 plane
921 2241 959 2302 ab
987 2241 1162 2304 hominibus

144 2342 298 2403 diversum
326 2333 423 2423 (quod
446 2342 526 2402 idem
548 2342 648 2403 voluit
670 2341 810 2400 Khhnius
834 2358 899 2400 esse
912 2331 1162 2421 'dadvllporrovh

145 2439 328 2500 audiendum
350 2441 448 2519 igitur
470 2433 541 2500 ὄντα
564 2457 642 2516 esse3
669 2442 770 2499 cetera
792 2457 864 2500 vero
889 2436 1026 2514 epitheta
1049 2437 1163 2514 apponi

143 2537 183 2596 ad
205 2523 377 2596 accuratius
400 2536 612 2596 declarandam
634 2536 711 2596 hanc
734 2535 892 2595 rationem.
935 2535 1030 2594 talem
1054 2537 1159 2594 tamen

143 2633 400 2694 constructionem
426 2632 519 2694 verba
546 2632 661 2692 tradita
683 2652 744 2693 non
766 2632 942 2693 admittunt.
988 2633 1159 2694 necessario

143 2725 223 2791 enirn
251 2729 344 2791 verba
371 2724 453 2803 ἐκτὸς
480 2723 532 2789 ἀπ’
563 2723 636 2790 ἄνθ.
662 2730 821 2791 referenda
849 2733 922 2790 sunt
948 2729 987 2790 ad
1014 2723 1161 2791 ἐπλάσατο

141 2828 375 2908 significantque
395 2827 536 2890 similiter
553 2832 645 2907 atque
663 2830 696 2888 in
709 2828 869 2890 Homerico
889 2827 1026 2904 exemplo
1045 2825 1160 2888 deflexo

142 2927 244 2988 locum
267 2948 327 3006 quo
351 2932 487 2990 moratus
507 2927 570 2990 sive
588 2928 738 2988 rationem
757 2927 818 3005 qua
836 2945 910 2987 usus
930 2926 1020 2986 deum
1039 2923 1161 2984 finxisse

141 3026 298 3103 cogitatur
324 3027 539 3105 Xenophanes,
568 3026 620 3104 qui
646 3027 736 3103 plane
765 3023 803 3084 ab
830 3024 988 3084 hominum
1015 3023 1162 3084 societate

141 3125 275 3182 semotus
301 3123 320 3181 1.
341 3142 365 3182 0.
384 3125 462 3184 nihil
484 3123 572 3203 vulgi
595 3123 767 3201 opinionem
789 3139 898 3183 curans
921 3125 953 3181 et
976 3119 1040 3181 suis
1063 3120 1161 3198 ipsius

144 3218 216 3278 solis
240 3218 477 3297 cogitationibus
499 3221 637 3281 intentus
660 3239 772 3280 numen
794 3218 933 3281 divinum
955 3216 1089 3295 definiit,
1112 3217 1161 3280 001

142 3318 179 3374 ut
205 3318 287 3377 recte
315 3315 377 3375 iarn
405 3317 515 3378 Sextus
541 3319 763 3397 interpretatur
789 3310 831 3399 (0.
856 3307 963 3398 supra)
992 3310 1161 3395 ἔδογμᾶτιζε

142 3406 222 3489 παρὰ
245 3407 296 3486 τὰς
318 3415 378 3474 τῶν
400 3408 497 3474 ἄλλων
519 3408 692 3492 ἀνθρώπων
714 3409 887 3494 προλήψεις.

209 3511 288 3576 Item
311 3514 399 3589 patet
417 3511 502 3572 Sexti
524 3511 623 3573 verbis
642 3503 718 3570 εἶναι
737 3505 770 3570 sl
789 3508 964 3589 σφαιροειδῆ
982 3500 1033 3570 aul
1051 3502 1159 3589 ἀπαθῆ
